2250 3772
131 799 936 938 INSTITUTIONES

243 1023 806 1188 onrncnnrronn

444 1267 611 1275 ψ-

325 1402 353 1466 1.
379 1399 463 1476 Quid
485 1411 529 1463 est
551 1397 736 1464 catechesis?

93 1509 139 1592 lis
155 1533 253 1597 brevis
275 1556 313 1597 ac
333 1533 502 1619 perspicua
524 1532 699 1610 radiorum,
721 1534 754 1596 in
772 1534 980 1601 fundamento

93 1613 251 1701 religionis,
285 1619 361 1682 fidei
394 1629 425 1681 ct
451 1618 534 1682 vitae
562 1619 766 1693 christianae,
799 1641 817 1682 e
854 1620 981 1706 scriptis

91 1702 262 1786 propheticis
284 1725 321 1767 ac
342 1703 525 1788 apostolicis
546 1701 680 1768 collecta
700 1703 865 1768 institutio.

147 1835 231 1904 (Seres
267 1837 318 1891 Est
348 1854 408 1891 com
430 1836 542 1891 endium
573 1837 714 1892 doctrinae
742 1853 793 1906 pro
813 1836 922 1892 heticae
951 1844 982 1893 st

88 1904 251 1981 spostolicae,
276 1907 350 1976 quod
375 1924 408 1959 ru
430 1905 532 1962 'oribus
557 1907 621 1960 viva
644 1922 713 1960 voce
736 1913 780 1960 tra
802 1907 867 1973 tur,
891 1911 920 1960 et
942 1907 981 1962 ab

85 1971 169 2027 usdem
194 1992 290 2028 rursus
322 1975 450 2046 exigitur.
514 1975 626 2029 Dicitur
657 1981 751 2029 autem
781 1975 932 2029 catechesis
962 1992 982 2029 a

85 2037 179 2097 Graeco
201 2044 287 2098 verbo
304 2050 433 2113 καττῃζεῖν
452 2047 499 2096 καὶ
516 2049 682 2114 corallius,
707 2043 783 2114 quod
800 2043 912 2113 propris
929 2050 981 2113 cst,

81 2109 162 2180 prims
178 2111 296 2182 alicujus
315 2112 457 2167 doctrinas
475 2113 633 2167 rudimenta
651 2130 707 2167 non
725 2113 837 2182 scripta,
856 2113 905 2168 sed
916 2113 983 2167 viva

79 2196 140 2235 voce
159 2180 271 2236 docere:
308 2181 451 2251 speciatim
468 2197 546 2249 vero,
571 2181 707 2237 ecclesiae
729 2197 867 2250 sermone,
894 2181 981 2263 signi-

77 2246 137 2302 ficat
151 2249 242 2318 prima
258 2249 401 2372 reliffiionis
415 2248 584 2304 christianae
602 2251 738 2306 clementa
756 2249 873 2306 tradere.
902 2249 983 2305 Sicut

74 2312 221 2387 xarr'wpcsc,
239 2325 318 2373 cates
340 2318 402 2386 asie,
422 2319 523 2372 dicitur
541 2336 559 2375 a
577 2323 700 2388 κατῃχέω
718 2318 839 2387 (erudio,
856 2319 982 2388 instituo,

74 2386 146 2441 dicta
168 2390 288 2456 repeto):
316 2387 357 2442 ita
382 2389 556 2460 καινηισμὸς,
580 2387 771 2455 catechismus,
794 2405 812 2441 a
837 2393 979 2457 κατηχίζω,

72 2455 226 2527 Utrumque
243 2461 286 2512 est
303 2472 321 2509 a
339 2456 408 2509 sarh
430 2463 457 2511 et
472 2455 560 2524 ἠχεῖν,
578 2457 654 2527 quod
672 2463 714 2511 est
731 2472 799 2511 vocs
814 2473 920 2519 sonare,
938 2456 982 2510 in·

69 2541 174 2588 sonare,
181 2541 343 2594 personare:
355 2525 430 2581 unde
442 2525 586 2607 κατήχημα
596 2526 710 2585 sonitus,
717 2523 981 2594 sarracinescum,

68 2593 214 2663 καιήχησις
229 2593 389 2675 impactio,
412 2594 555 2665 repetitio,
576 2593 707 2651 German.
725 2594 786 2649 eine
803 2593 984 2674 Verhhrung,

65 2661 983 2812 &hihi-‘tiei⁸22¹iiai‘tiffiaiihqhisshihh‘ffii

63 2799 170 2870 ἠχώδη,
190 2817 287 2856 vocem
304 2801 447 2857 docmmac
464 2818 532 2857 sono
549 2802 689 2872 reciproco
705 2801 858 2867 redditam
884 2815 934 2854 seu
953 2815 984 2852 ιιι

65 2887 112 2924 ore
139 2869 300 2924 docentium
321 2877 349 2925 et
372 2870 538 2926 discentium
558 2875 732 2928 resonantem
751 2873 779 2925 et
796 2867 877 2938 quasi
893 2871 982 2921 retro-

65 2944 214 2995 meantem.
254 2937 307 2992 Est
333 2939 406 2994 enim
432 2938 502 2993 nihil
527 2939 603 2994 aliud
631 2957 714 3012 quam
739 2934 907 3004 ἀναστροφὴ
931 2951 983 2990 scu

64 3006 230 3060 vicissitudo
254 3005 503 3078 interrogationum
525 3015 552 3064 et
575 3009 798 3080 responsionum,
844 3020 898 3059 uae
914 3003 947 3058 fit
965 3021 984 3058 s

62 3080 263 3146 praeceptore,
292 3093 427 3131 summam
450 3077 592 3133 dochinus
615 3079 680 3132 viva
702 3093 770 3132 voce
787 3080 831 3127 tra
853 3080 930 3142 ente,
954 3080 983 3129 et
1056 3130 1059 3135 ,

64 3144 210 3212 auditore,
233 3145 351 3200 eandem
373 3143 432 3199 κατ’
460 3144 518 3215 ἠχώ
543 3163 592 3201 seu
610 3165 678 3201 sono
701 3144 781 3217 quasi
797 3141 900 3197 reflexo
919 3142 983 3197 rod-
1023 3181 1031 3192 .

65 3213 162 3268 dente.
202 3212 373 3285 Hujusmcdi
395 3214 532 3270 institutio
557 3233 573 3271 a
598 3215 685 3271 veteri
704 3211 924 3285 patriarcharum
949 3226 984 3266 ac

796 3307 808 3352 1
