2250 3772
383 227 436 292 De
456 204 611 293 suaset
632 227 757 293 mosae.
959 228 1022 295 aar

182 396 250 464 (Hic
266 411 332 452 vero
350 401 393 453 est
412 412 535 450 errorum
554 397 674 468 σμῆνοςς
699 401 767 468 quot
786 395 860 451 euim
880 396 1023 464 dictiones,

106 471 156 525 tot
172 465 232 522 fere
251 481 364 521 errores.
407 470 429 520 1.
450 464 658 519 Sacramentum
680 465 710 519 in
734 463 914 530 sacrificium,
936 467 1022 522 actio·

107 552 178 592 nem
205 539 265 590 toto
292 548 394 605 genere
420 533 572 599 diversam,
600 538 717 589 mutant.
762 533 931 589 Sacrificium
949 535 1023 590 enim

110 610 172 674 est,
191 618 247 676 quo
263 620 314 658 uos
331 601 393 656 Deo
411 601 518 672 aliquid
535 602 685 658 offerimus.
722 601 929 657 Sacramentum
948 621 1024 666 vero,

108 689 170 746 quo
183 671 263 728 nohis
273 671 350 726 Deus
362 687 414 725 sua
428 670 502 725 dona
512 671 624 726 exhibet
635 676 663 726 et
675 669 812 743 obsignat.
838 677 862 726 2.
874 672 949 728 Vere
959 689 1023 743 pro·

108 740 291 815 pitiatoriurn.
317 739 389 820 Cum
400 739 471 820 nihil
489 739 592 820 habeat
605 741 662 820 vim
674 739 804 811 expiandi
815 746 931 812 peccata
944 757 1025 822 prae-

109 818 156 868 ter
173 808 288 865 unicum
304 806 470 862 sacruficrum
486 813 708 880 propitiatorium
725 808 823 863 crucis.
856 814 880 864 3.
893 808 927 864 In
946 809 1023 865 msti-

108 878 221 935 tutioue
238 893 347 933 coenae.
379 876 450 931 Cum
473 877 502 931 in
526 878 623 932 eadem
641 876 677 932 ds
693 876 832 933 oblatione
849 877 902 932 hac
920 876 1024 932 Christi

109 948 142 1005 in
155 946 252 1004 verbis
270 945 450 1000 institutionis
474 962 510 1001 ne
531 945 659 1016 apiculas
685 946 803 1017 quidem.
840 953 865 1003 4.
885 947 1023 1010 Quotidie.

111 1015 188 1073 (ium
206 1032 264 1070 una
278 1013 383 1069 oblatio
402 1015 488 1069 semel
505 1014 582 1069 facta
598 1014 628 1068 in
644 1031 695 1068 ara
710 1015 807 1084 crucis,
826 1017 1023 1085 Hehr.10‚14.

110 1093 138 1141 5.
159 1084 247 1139 Modo
268 1084 420 1139 incruento.
464 1082 535 1138 cum
561 1083 620 1137 sine
643 1082 776 1138 effusione
800 1085 945 1156 sanguinis
968 1101 1024 1140 non

110 1153 151 1208 sit
167 1153 301 1220 remissio,
319 1153 406 1208 Hchr.
424 1155 450 1216 9,
470 1154 516 1205 22.
552 1158 576 1206 6.
593 1151 701 1222 Pompa
719 1152 862 1208 theatrica
899 1153 970 1208 Cum
988 1153 1024 1209 dc

108 1221 216 1305 verbis,
234 1219 362 1302 gestibus
377 1225 406 1302 et
430 1220 592 1301 ceremoniis
610 1219 672 1300 illis·
682 1218 825 1301 theatricis
842 1223 964 1276 humano
981 1222 1022 1275 in·

107 1306 197 1415 33ῗὲ
214 1287 889 1439 ‘tutti'itttthbhhittthttma
903 1291 1024 1430 bitu

109 1427 234 1510 quidem.
268 1434 292 1484 8.
309 1425 365 1481 Pro
383 1425 506 1482 fidelium
529 1425 682 1481 virentium
705 1432 836 1550 Bcceatrs.
880 1427 951 1484 Cum
974 1427 1024 1484 ubi
1102 1490 1108 1505 ,

108 1495 446 1622 ῧιῖινεεὶἳθρθῗὲαῒοὲιιῗ),
470 1496 615 1618 Jaimfunloni
625 1494 662 1548 sit
687 1494 792 1618 olaltio
814 1514 865 1567 pro
892 1498 1022 1622 peccags,

108 1583 356 1712 Cdm⁸purdutoiii
377 1581 558 1713 maciridaeet
578 1580 639 1687 iotis
653 1581 711 1714 ufir}
732 1581 1022 1691 deedifidridpdddgriud:

108 1720 175 1758 rum
193 1706 289 1772 strues,
308 1718 338 1754 m
357 1699 516 1772 Scnpturae
533 1717 629 1756 sacrae
652 1705 782 1770 circumi,
807 1704 875 1775 pagi
897 1703 953 1759 sint
969 1706 1023 1760 Bo·

108 1771 221 1843 hemici,
239 1769 382 1851 prophetis
403 1776 432 1824 et
450 1786 467 1823 a
517 1770 582 1824 tolia
596 1769 680 1840 plana
697 1770 840 1840 incogniti.
869 1772 914 1827 De
931 1772 975 1827 his
993 1780 1022 1830 et

110 1840 264 1897 insumens
288 1838 350 1893 aliis
372 1837 429 1893 vid.
473 1855 590 1892 cuonem
607 1839 718 1903 missac,
736 1837 842 1894 conat.
862 1842 1022 1897 Tridentio.

108 1909 226 1965 sessiom
254 1913 293 1964 11.
317 1923 368 1978 per
391 1911 440 1962 tot.
481 1907 619 1961 Bollarm.
639 1907 657 1960 l.
679 1912 702 1962 1.
720 1912 748 1962 et
766 1912 791 1962 2.
814 1907 849 1964 dc
870 1910 944 1966 miss.
969 1927 1021 1981 per

108 1983 161 2034 tot
180 1981 201 2032 t,
220 1982 246 2034 3.
265 1976 317 2032 col.
328 1982 386 2032 779.
425 1974 470 2030 Da
487 1975 655 2042 ceremoniis,
673 1975 949 2047 gesticulationibus,
972 1996 1021 2050 ge-

106 2043 327 2103 niculationibus
355 2043 411 2101 vid.
433 2044 562 2099 Stridon.
585 2044 604 2098 l.
622 2049 664 2100 21.
690 2061 718 2114 p.
737 2049 796 2099 672.
849 2046 1021 2105 Bellamns'n

107 2115 129 2172 l.
149 2120 175 2171 2.
197 2113 366 2170 demisse.
389 2119 429 2169 15.
450 2118 489 2170 ib.
510 2120 550 2169 17.
568 2117 588 2167 t.
607 2118 631 2168 3.
649 2112 701 2169 col.
720 2118 779 2168 924.
796 2118 883 2186 seqq.)

131 2231 186 2299 73.
225 2229 344 2309 Quibus
366 2244 466 2296 autem
480 2233 696 2317 fitndamcutc'a
711 2216 906 2316 pontificiam
926 2237 1001 2299 mia-

342 2339 409 2381 eom
431 2319 633 2402 marcipores
655 2315 791 2381 statuis?

199 2413 444 2500 Qrscmplurimis
454 2440 466 2497 ,·
486 2417 656 2518 praecipue
681 2428 789 2482 autem
809 2417 887 2484 istis.
933 2418 1020 2500 Quia

109 2502 140 2570 1.
163 2500 205 2566 de
226 2499 340 2565 eadem
359 2501 394 2566 in
414 2502 520 2567 verbus
541 2501 747 2568 institutionis
768 2524 828 2566 nec
848 2503 941 2568 litera
962 2527 1021 2570 nec

103 2607 194 2673 apex
218 2584 302 2649 ullus
323 2586 469 2655 habetur.

196 2668 284 2750 Quia
303 2671 333 2738 2.
352 2670 536 2758 Scripturae
558 2692 666 2736 sacrae
686 2694 704 2736 e
720 2671 874 2736 diametro
896 2684 1022 2736 contra-

104 2755 175 2833 n’a,
195 2765 232 2819 ut
252 2776 334 2839 quae
354 2755 485 2821 unicum
499 2767 622 2820 tantum
637 2756 834 2821 sacerdotem
847 2754 1020 2835 Christum,

107 2844 209 2910 Hebr-
236 2842 271 2918 7,
296 2842 353 2919 27,
381 2841 511 2906 unicum
540 2839 729 2906 sacrificium
752 2840 1019 2928 propitiatorium,

103 2924 294 3017 passionem
322 2937 354 2990 et
379 2938 514 2990 mortem
536 2925 673 3003 Christi,
702 2927 878 3003 Herem,
901 2927 959 3004 14,
987 2937 1019 2991 et

105 3010 241 3098 quidem
260 3011 358 3076 semel
379 3021 503 3075 tautum
524 3011 685 3088 oblatum,
714 3012 811 3075 Hebr.
835 3012 867 3089 9,
886 3011 939 3088 28,
960 3033 1020 3076 no-

104 3097 160 3163 bis
181 3095 379 3182 praescribit.
471 3166 475 3173 ,

195 3178 283 3261 Quia
314 3181 344 3248 3.
372 3180 508 3246 formam
540 3202 674 3258 coenae,
706 3201 788 3279 quae
818 3178 852 3244 in
875 3180 1018 3266 corporis

102 3264 230 3334 Christi
257 3287 330 3330 cum
351 3287 435 3351 pane
456 3265 624 3330 benedicto
655 3263 849 3330 exhubitione
871 3277 904 3330 et
928 3288 1018 3330 man-

1041 3380 1124 3528 Γ
