2250 3772
382 246 435 313 De
456 247 599 313 ecclesia.
759 270 762 281 ·
883 246 946 315 351

72 410 153 493 etiams
179 412 210 469 in
237 412 273 472 V.
301 420 330 471 et
357 414 391 473 N.
414 415 447 470 Τ.
474 433 531 471 non
551 415 695 497 geminus,
721 416 817 470 Acer.
838 418 887 483 15,
905 420 947 474 11.

72 480 160 538 tonde
178 500 236 537 una
252 488 281 539 et
304 484 401 540 eadem
420 485 577 540 substantia
601 485 743 539 doctrinae
759 485 947 556 evangelicas,

72 564 105 604 na
117 555 142 606 et
157 552 254 608 mdem
271 553 390 609 ecclesia
406 553 441 610 V.
460 560 489 609 et
500 553 534 610 N.
547 553 581 608 T.
599 553 705 609 ratione
723 553 859 608 duntaxat
876 560 946 609 tom·

72 617 120 699 >pris
133 624 162 675 et
179 621 356 676 meletianis
375 623 457 678 modo
476 622 664 694 distinguitur.
707 624 819 677 Errant
839 628 863 678 2.
873 640 946 693 poa·

72 686 135 753 titii,
158 688 206 761 qni
228 691 425 761 apostolicam,
457 708 475 746 a
497 691 670 746 successione
694 708 709 746 e
729 691 884 762 iscoporum
907 691 944 746 ab

72 756 168 823 main
179 757 217 813 ad
228 776 279 813 nos
289 760 418 830 deducta,
430 760 535 815 dictam
546 759 686 829 dimicant,
727 761 835 815 etiarm.
844 760 861 814 l.
872 767 896 816 4.
909 761 945 819 do

72 828 105 879 et
118 826 177 880 occi.
197 842 222 882 o.
243 833 282 884 18.
302 833 324 885 t.
345 834 368 884 2.
387 830 440 885 eol.
461 835 517 884 118.
526 829 563 883 D.
581 832 687 884 Becare.
705 828 825 884 manual.
846 829 873 884 d.
892 829 945 885 loc.

72 904 84 943 ι.
95 896 127 950 ta
141 908 169 949 n.
185 901 227 951 14.
257 896 377 967 apter.
396 897 493 954 dioc.
511 914 547 969 pa
570 941 575 951 .
594 904 634 954 53.
654 897 740 952 concl.
755 902 778 951 3.
798 897 868 952 Cum
882 914 943 953 sue-

72 958 129 1041 ”⁸³9
142 979 208 1018 vara
230 964 268 1019 sit
288 965 318 1020 in
343 966 468 1022 doctrina
491 972 520 1021 et
557 966 602 1020 dei
618 966 806 1037 perpetuitate
824 971 853 1022 et
870 983 943 1021 com·

72 1040 177 1094 amone,
200 1050 258 1087 non
276 1033 306 1088 in
324 1036 429 1090 carnali
446 1036 639 1106 episcoporum
656 1035 727 1090 seris
747 1040 776 1090 et
799 1035 881 1090 locali
898 1052 943 1091 ca·

72 1092 150 1155 itdue
165 1103 367 1173 occupatione.)

72 1229 99 1296 22·
134 1236 218 1317 Quae
244 1258 316 1305 cero
343 1253 413 1307 sant
441 1243 580 1307 eeclesiae
607 1241 698 1325 hujus
720 1242 886 1309 catholicae
915 1256 943 1308 et

147 1325 332 1408 apostolieae
352 1349 440 1392 verae
461 1339 490 1391 et
509 1327 686 1411 infallibiter
706 1327 825 1390 notae?

124 1420 202 1488 Sunt
228 1425 429 1510 potissimum
457 1429 545 1494 duae.
597 1429 624 1490 1.
646 1427 735 1491 Pura
763 1426 854 1493 verbi
876 1427 942 1493 Dei

72 1506 247 1604 taediasti03
290 1512 321 1576 24
350 1511 494 1598 legitima
522 1523 788 1577 sacramentorum
821 1537 840 1578 a
867 1514 940 1579 Deo

72 1598 249 1658 mutatorum
268 1596 472 1682 dispensatio.
890 1628 895 1639 ·

338 1749 388 1818 13.
433 1749 537 1828 aaa
557 1698 637 1813 eece

123 1844 206 1930 Quia
236 1850 296 1915 hae
328 1850 418 1937 ipsae
459 1850 485 1915 1.
514 1873 621 1916 veram
654 1847 820 1914 ecclesiam
852 1861 938 1916 certo

72 1933 212 2002 stertunt.

121 2018 146 2083 2.
167 2019 285 2084 Fidem
306 2017 366 2083 soli
388 2028 420 2082 et
440 2041 566 2103 semper
585 2017 784 2085 conveniunt.

72 2104 147 2252 nun}
167 2105 317 2169 Eandem
339 2104 380 2168 ab
404 2102 474 2168 aliis
489 2102 654 2187 quibusvis
669 2103 812 2168 coetibus
828 2103 939 2170 distin·

120 2273 145 2341 4.
166 2274 223 2338 Ab
245 2296 284 2339 ea
304 2271 441 2356 denique
462 2271 602 2358 separari
622 2283 793 2358 nequeunt.

109 2388 195 2455 (Ratio
217 2397 240 2448 1.
258 2397 288 2447 et
307 2396 331 2446 3.
353 2395 501 2444 sumuntur
519 2391 556 2445 ab
574 2390 688 2447 effectis,
707 2397 731 2446 2.
750 2396 778 2447 et
795 2399 818 2448 4.
838 2393 873 2449 ab
891 2394 939 2448 ad-

72 2463 131 2512 ura
144 2461 265 2582 prosario.
290 2459 429 2515 Effectum
445 2459 586 2530 proprium
601 2460 693 2530 arguit
709 2462 849 2541 propriam
862 2480 940 2518 suam

72 2532 155 2599 wau,
165 2547 184 2585 a
200 2531 330 2599 junctum
341 2529 483 2599 proprium
495 2529 616 2583 ostendit
628 2546 771 2599 proprium
782 2548 862 2584 suum
875 2532 939 2587 sub·

72 2596 145 2669 tatum.
179 2598 269 2669 Atqui
291 2598 451 2667 praedicare
471 2597 645 2668 evangelium
665 2604 694 2654 et
711 2599 835 2670 legitime
853 2600 939 2654 admi·

72 2664 151 2721 &aro
171 2672 347 2723 sacramenta
370 2672 413 2722 est
435 2666 565 2721 effectum
591 2667 733 2736 proprium
758 2668 888 2723 ecclesiae
911 2675 940 2724 ot

72 2733 172 2801 omum
191 2736 313 2793 officium
333 2735 473 2797 ecclesiae,
492 2735 556 2789 vide
573 2737 676 2790 Mattt,
687 2739 730 2805 28,
743 2740 785 2792 19.
798 2740 849 2807 203
868 2739 937 2794 Iac.

73 2797 92 2863 θ’
102 2804 136 2860 16.
146 2810 198 2863 eta
222 2806 297 2860 Hinc
317 2805 439 2859 axioma:
465 2804 518 2856 Ubi
533 2805 646 2857 verbam
658 2805 718 2858 Dei
733 2805 840 2859 eiecere
852 2822 939 2874 prce-

160 2882 188 2928 et
199 2882 377 2928 seccmaeata
390 2873 513 2942 lepitime
534 2873 742 2940 dispensantem,
759 2874 800 2927 ibi
817 2882 938 2928 estsere

72 2934 152 2997 alesta
170 2950 196 2998 et
214 2951 321 2998 contra.
346 2941 434 2996 Extra
448 2941 593 2996 ecclesiam
610 2942 682 2996 enim
693 2958 749 2995 non
765 2948 846 2996 sonat
856 2960 939 2997 evan·

72 2998 151 3081 iiim,
172 3029 224 3067 nec
242 3012 437 3082 dispensantur
462 3015 643 3065 sacramenta.
679 3012 812 3065 Ecclesia
829 3012 870 3064 ibi
888 3020 940 3082 est,

98 3077 167 3153 fides
183 3097 252 3137 vera
271 3088 320 3145 est,
337 3081 500 3148 Hieronem.
518 3079 548 3133 in
565 3078 611 3135 Ps.
627 3084 683 3134 113.
701 3086 722 3134 t.
742 3084 766 3135 8.
785 3097 813 3149 p.
829 3085 885 3135 193.
901 3081 938 3137 A.

72 3066 180 3209 {fides
193 3168 251 3204 non
271 3157 319 3217 est,
338 3149 380 3202 e'be‘
396 3165 448 3202 aec
465 3149 586 3202 ecclesia
603 3155 652 3216 eet,
672 3147 812 3216 Chrysea.
827 3148 899 3204 hom.
913 3155 939 3205 6.

72 3216 140 3271 fiai.
154 3217 254 3274 mah.
271 3223 292 3273 t.
310 3223 335 3273 2.
353 3216 405 3273 ool.
421 3223 480 3273 800.
494 3217 529 3271 A.
565 3216 712 3270 Ecclesiae
728 3235 785 3271 eon
795 3218 939 3288 jaspides,
1048 3216 1050 3220 ’

72 3275 142 3337 stet
157 3287 302 3359 eocepels'c
318 3294 478 3358 separatur,
497 3285 657 3356 Cyprianus
676 3284 712 3340 de
730 3286 799 3359 laps.
818 3304 898 3343 serm.
913 3293 938 3344 5.
