2250 3772
104 196 169 261 234
234 193 340 280 Caput
361 194 404 258 II.
447 195 500 259 De
522 194 669 279 symbolo
696 193 881 287 apostolico.

109 362 292 425 Scholastica
317 363 365 433 qui
379 360 519 432 justitiam
543 363 705 434 originalem
725 380 781 416 non
800 361 974 418 connaturale

106 433 155 486 sed
173 449 224 487 ceu
243 439 370 485 ornatum
388 432 528 502 quendam
544 431 658 498 homini,
675 438 810 503 tanquam
822 432 922 486 donum
932 429 974 485 add

106 507 176 570 tum,
193 503 315 554 institero
328 505 408 564 teste,
426 500 584 571 disputant,
605 507 636 555 ut
648 500 671 553 si
684 501 747 572 quis
758 500 896 560 formosae
905 498 974 571 podlr

107 585 238 652 eorpnam
255 569 388 649 imponat,
408 586 510 624 corona
529 574 603 623 certe
620 586 675 622 non
695 574 737 624 est
753 586 821 640 pars
838 567 974 624 uatruasrl

106 639 267 762 {illidi
283 636 974 778 tlltdtatttttttttdtssaataid

106 776 186 831 Haec
204 774 265 842 illc,
284 775 314 828 in
332 792 355 829 c.
375 781 399 830 3.
417 776 489 833 Gen.
513 781 534 830 t.
555 782 576 830 1.
596 774 615 828 f.
635 782 678 832 47.
691 777 718 831 b.
753 774 791 829 Et
810 776 974 845 Bellarm

107 844 184 898 illam
202 861 266 898 cum
284 861 368 899 aureo
385 844 472 912 freno,
491 844 660 911 indumento,
680 844 756 916 quod
772 845 882 915 corpori
895 844 974 899 huns

105 912 275 967 extrinsecus
310 914 506 983 superadditur
547 913 615 967 item
643 919 719 968 veste
750 930 811 969 com
833 919 901 968 arat.
943 908 974 967 Vl

105 982 247 1037 Belicam.
268 982 303 1036 de
322 987 393 1053 grat.
411 982 493 1053 primi
510 954 585 1038 irem.
603 998 627 1035 o.
646 988 669 1036 5.
687 986 707 1036 t.
726 988 753 1038 4.
772 999 825 1039 eo.
844 988 884 1038 22.
901 980 932 1036 Β.
953 978 974 1037 dl

106 1049 176 1104 haec
194 1051 340 1116 sententia,
357 1050 423 1120 quia
439 1056 586 1122 peceatum
606 1049 720 1121 originis
739 1056 884 1117 extenuat,
902 1064 974 1107 cour

108 1136 211 1173 uenum
228 1117 363 1189 fugienda
375 1126 424 1186 est,
442 1126 475 1174 ut
488 1125 563 1174 recte
576 1127 670 1174 monet
678 1122 718 1173 D.
728 1121 840 1173 Lather.
851 1120 929 1201 alleg.
940 1117 974 1173 loe

107 1188 203 1244 Unum
221 1187 266 1241 hic
283 1198 359 1256 aeta,
378 1188 533 1259 principale
551 1189 708 1258 subjectum
720 1188 850 1261 imaginis
861 1189 913 1244 Der
924 1184 974 1241 inlr

107 1257 181 1310 mine
199 1273 259 1310 esse
277 1257 410 1326 animam,
434 1258 546 1312 interim
565 1263 658 1311 tamen
676 1257 705 1310 in
723 1256 783 1327 ipso
803 1256 887 1312 etiam
902 1270 974 1336 corpe:

106 1325 228 1381 humano
247 1330 275 1380 et
292 1326 455 1381 admiranda
470 1326 621 1397 praecipue
636 1325 821 1381 membrorum
841 1332 974 1396 proportior

107 1394 226 1449 eandem
243 1394 374 1449 relucere.
403 1394 464 1460 Quo
483 1395 518 1449 de
530 1395 656 1464 disputat
667 1395 813 1462 depasti
829 1400 853 1450 6.
868 1395 902 1449 de
915 1394 974 1449 een

110 1463 146 1515 ad
164 1462 205 1520 lit.
225 1480 247 1516 e,
263 1469 302 1518 12.
320 1469 340 1518 t.
354 1469 379 1520 3.
398 1465 449 1519 ool.
465 1469 524 1521 586.
543 1469 601 1518 587.
632 1463 794 1517 Bereiard.
813 1461 974 1534 supertiam

107 1548 188 1586 serm.
209 1537 250 1587 80.
268 1538 310 1589 81.
332 1538 373 1587 82.
393 1534 444 1587 col.
464 1538 513 1589 809
528 1535 596 1602 seq.)

106 1677 135 1741 5.
169 1676 282 1741 Fuitne
303 1680 406 1762 iraapo
427 1679 499 1742 daeo
520 1679 587 1740 slei
607 1681 645 1741 ab
668 1680 794 1742 Adamo
821 1680 854 1740 ia
880 1687 974 1761 postea

462 1762 664 1848 propayeta?

193 1881 325 1944 Minime
332 1903 344 1959 ;
365 1880 421 1944 sed
442 1903 500 1965 per
520 1880 646 1980 lapsum
667 1881 810 1964 ejusdem
833 1880 974 1954 amissa,¹

107 1976 275 2029 concreata
296 1965 375 2028 haec
395 1977 527 2029 naturae
549 1965 714 2050 integritas
737 1964 883 2029 horribili
904 1964 974 2048 depr

106 2052 233 2114 vatione
248 2061 397 2135 corrupta
419 2061 474 2114 est.
508 2051 605 2116 Unde
628 2061 859 2133 consequenter
873 2049 974 2112 Adam

2 2187 14 2208 ,
109 2135 191 2199 filios
209 2138 290 2216 (aaa
307 2139 349 2197 ad
361 2138 526 2219 irrraps'aem
542 2138 628 2198 illam
637 2139 833 2219 primaevam
849 2137 922 2210 Dei,
941 2152 974 2196 att

106 2220 149 2283 ad
163 2219 336 2303 imaginem
352 2242 460 2282 suam
477 2223 617 2304 (peceato
632 2223 851 2304 depr’rroatam)
868 2215 974 2304 genius

107 2304 232 2387 dieitur,
258 2302 333 2367 Gerr.
356 2304 385 2381 5,
408 2305 437 2368 3.

178 2420 271 2487 (Patet
287 2420 408 2490 idipsum
427 2421 562 2501 epeccati
573 2418 716 2491 originalis
729 2419 928 2490 descriptione,
940 2431 974 2488 qur

109 2509 163 2545 non
189 2489 244 2544 nisi
259 2489 386 2559 justitiae
409 2490 495 2559 ipsius
515 2488 657 2560 originalis
673 2491 797 2541 carentia
821 2496 849 2543 et
866 2483 974 2563 totiusl

110 2575 209 2613 manae
228 2563 345 2613 naturae
363 2557 547 2628 corruptione,
566 2575 638 2627 quae
658 2557 688 2610 in
705 2556 796 2611 locum
808 2558 974 2628 primaevam

108 2628 247 2700 tegritatis
261 2627 402 2695 successit,
416 2626 555 2694 definitur,
570 2625 678 2680 Confer.
691 2628 721 2678 Ε
740 2626 797 2678 lica
807 2635 835 2690 2,
845 2633 869 2683 1.
878 2630 904 2680 3.
914 2626 974 2688 et5,=

109 2700 189 2752 Rom.
208 2702 232 2765 a,
254 2701 276 2753 7.
295 2701 324 2751 et
344 2700 365 2760 7,
383 2700 439 2764 aa·
466 2697 526 2752 aaz.
547 2699 574 2763 2,
593 2698 643 2763 ar,-
670 2701 690 2748 ι.
734 2713 775 2750 or.
796 2700 839 2763 rs,
858 2698 901 2749 re.
933 2690 974 2749 Ua

107 2767 203 2822 Bassi.
221 2766 249 2818 in
267 2766 347 2819 Psal.
367 2769 408 2822 48.
427 2770 446 2819 t.
466 2774 486 2819 1.
505 2783 533 2835 p.
556 2770 617 2821 123:
643 2765 736 2818 Homo
750 2771 904 2832 postquam
920 2773 974 2841 sapt

109 2836 237 2890 eoelestis
255 2836 305 2904 opi
325 2835 365 2887 aia
382 2835 532 2903 imaps'aem
552 2833 659 2900 amicit,
681 2833 789 2885 terreni
806 2831 974 2886 similitudem

107 2903 247 2958 aearamsit.
313 2910 379 2975 tque
398 2902 438 2957 sie
456 2902 549 2955 Adam
591 2901 667 2956 enuit
682 2900 768 2969 filios,
787 2918 844 2954 non
862 2896 974 2972 quoadss

107 2973 226 3029 turalem
245 2979 354 3026 tanturn
371 2979 399 3026 et
421 2971 559 3025 substanti
589 2988 632 3026 em
650 2970 781 3037 formam,
806 2970 904 3024 sedet
942 2975 974 3041 uqi

108 3040 290 3096 accessoriam
304 3042 427 3103 alteram,
439 3041 547 3109 lapsum
562 3038 912 3106 secutam'delormitatem‚
924 2984 974 3089 din

109 3109 258 3178 exemplari
276 3110 440 3180 oppositam.
477 3111 590 3161 Errant
607 3107 707 3178 igitur,
734 3106 782 3177 qui
794 3096 974 3178 imagineml)

108 3179 137 3233 in
154 3177 265 3232 homine
284 3196 340 3232 nou
359 3178 487 3231 amissam
501 3187 635 3238 asserunt,
657 3177 796 3233 Bellarar.
809 3176 844 3231 de
855 3182 923 3246 grat
935 3180 974 3242 pul

109 3248 181 3303 hom.
201 3247 219 3299 l.
241 3265 285 3301 uu.
306 3264 330 3300 c.
345 3253 366 3300 2.
385 3254 404 3300 t.
417 3255 439 3302 l.
459 3247 509 3300 eol.
526 3244 652 3300 13.Β.().
683 3246 820 3299 Cetealra's.
834 3246 967 3301 Roseae
