2250 3772
97 251 170 317 ’484
308 249 414 337 Caput
435 250 496 319 IV.
542 250 595 316 De
618 250 788 337 baptismo.

229 417 260 485 5.
300 417 387 497 Quae
417 432 460 484 est
480 418 583 484 forma
608 416 896 486 sacramentorum?

192 539 312 602 Forma
338 549 608 603 sacramentorum
638 551 688 604 est
716 536 859 603 solennis
887 546 919 601 et
936 534 1000 623 legi·

107 623 185 688 tima
205 623 294 706 juxta
320 622 551 688 institutionem
571 622 637 689 Dei
658 620 900 688 administratio.

178 754 326 822 (Consistit
343 755 429 826 igitur
448 754 478 808 in
490 761 566 810 certa
582 761 610 810 et
622 753 738 810 definite
748 756 869 826 actione,
887 754 998 822 tnmud

105 843 157 897 per
172 825 354 879 miniterium
372 823 529 890 offerentis,
548 823 704 878 exhibentis
723 829 751 879 et
768 825 878 892 dantis,
895 831 951 880 tnm
962 824 998 879 bo

108 894 190 948 minis
209 910 227 946 a
243 893 368 947 ministro
387 892 441 947 Dei
457 893 592 947 sumentis
609 899 638 948 et
654 893 714 948 acci
735 893 819 949 ientis
836 893 874 960 id,
893 894 997 966 quodue

108 961 241 1018 ammenti
259 961 396 1016 institutio
415 961 589 1041 praescribit.
616 961 705 1033 Atqui
760 978 794 1017 ec
812 969 856 1019 est
874 963 997 1018 forma*

106 1035 311 1087 erameniorum
328 1046 465 1100 generice.
501 1029 598 1085 Habet
614 1030 725 1085 interim
741 1032 955 1104 unumquodque
967 1046 997 1085 ts

107 1105 277 1155 crumentum
296 1099 436 1168 propriam
454 1115 532 1152 suam
550 1099 667 1154 formam
685 1099 853 1170 specificam,
873 1117 922 1171 per
933 1114 996 1173 quau

108 1171 165 1237 est,
191 1168 265 1239 quod
283 1172 341 1235 est,
365 1175 394 1222 et
412 1167 448 1222 ab
466 1167 527 1221 aliis
542 1167 716 1222 discernitur.
752 1168 812 1225 Ubi
828 1178 952 1225 accurate
963 1167 997 1223 ob

90 1237 275 1293 'amandum
293 1236 347 1290 hoc
365 1236 488 1293 axioma:
514 1238 549 1290 de
566 1252 732 1306 unaquaeque
748 1246 927 1293 sumomonte
936 1236 997 1309 judi

108 1307 231 1360 cardum
250 1311 291 1357 est
308 1322 342 1357 aa
356 1306 482 1374 propria
500 1306 574 1375 sede,
593 1306 769 1359 institutione
787 1303 996 1361 redimendi

108 1375 231 1429 natione.
272 1373 433 1429 Notandum
461 1378 490 1427 et
512 1375 582 1428 hoc:
611 1373 888 1430 administrationem
948 1378 953 1389 '

107 1460 167 1497 esse
188 1459 363 1507 communem,
382 1445 495 1496 modum
512 1460 577 1496 vero
600 1443 659 1496 eioe
678 1444 820 1497 rationem
838 1444 996 1499 adratum

109 1511 194 1565 tionis
212 1519 452 1564 sacramentorum
470 1528 529 1564 case
550 1511 780 1568 destructrum.
816 1512 852 1567 Iu
871 1512 995 1570 vatici
1033 1508 1036 1571 i

26 1600 29 1607 ·
107 1580 161 1634 fuit
174 1594 226 1660 per
243 1578 488 1650 significationem,
514 1580 798 1650 repraesentationem
822 1586 908 1653 atque
924 1582 996 1637 adun·

108 1649 279 1716 brunonem,
300 1648 329 1702 in
340 1648 410 1703 Nor.
423 1648 499 1702 Tes't.
518 1655 560 1703 est
597 1665 627 1703 er
639 1648 838 1704 exhibitionem
849 1657 934 1723 atque
944 1664 996 1705 eum·

108 1717 331 1772 munitatiouem.
360 1717 398 1770 Et
414 1716 535 1770 vicissim
550 1667 615 1771 tabis
634 1723 676 1772 est
690 1717 781 1772 forma
793 1718 941 1790 singularia
955 1718 995 1773 sive

108 1787 220 1867 propria
236 1785 468 1866 circumcisionis,
492 1802 564 1867 quae
588 1785 702 1867 reliquis
719 1802 777 1840 non
795 1790 941 1870 competit,
957 1786 995 1841 air

108 1854 652 1992 iiiiaiaiibaiinaiimbiiii?’dii
670 1854 995 1981 ittttffittidi

109 1994 179 2047 solvi
196 1998 313 2063 possunt
330 1993 423 2045 omnia
439 1999 605 2063 argumenta
618 1991 805 2062 Calmnistica,
824 2011 896 2063 quae
907 1995 994 2049 abam-

108 2062 184 2132 iogia
204 2066 438 2114 sacramentorum
451 2066 604 2115 sumuntur.
632 2060 727 2115 Dehis
739 2061 795 2116 rid.
809 2065 919 2117 Beona.
933 2059 993 2116 insit

89 2130 142 2197 lL,
161 2129 193 2186 O.
212 2134 263 2182 art.
282 2136 322 2184 46.
338 2147 383 2199 qu.
397 2135 436 2184 11.
455 2147 483 2199 p.
496 2135 554 2184 562.
584 2128 720 2184 Polemi
741 2135 764 2184 6.
783 2138 922 2204 syntagm
933 2126 993 2185 thot

109 2217 132 2254 c.
152 2204 194 2254 49.
213 2215 277 2268 pag.
292 2203 352 2254 tec.
369 2197 391 2251 I.
416 2199 507 2255 Urat'tt.
527 2199 655 2268 explicet.
673 2198 778 2255 catech.
800 2217 830 2269 p.
845 2207 904 2255 481.
945 2198 992 2253 Ouu-

109 2267 232 2321 cedimus
249 2266 365 2319 eandem
386 2272 415 2321 et
431 2283 490 2335 nos,
507 2268 555 2321 sed
572 2266 745 2337 genericam3
766 2267 803 2321 ab
819 2270 992 2325 eademntm

109 2335 210 2389 inferre
236 2334 352 2387 formam
376 2352 428 2390 seu
454 2336 639 2391 differentiam
662 2334 823 2404 specificam
839 2338 991 2410 singulorum,

110 2410 153 2460 est
168 2403 376 2472 inconsequens.
407 2405 458 2458 Est
476 2406 549 2459 euim
568 2405 638 2459 haec
656 2404 773 2474 siugulis
790 2408 912 2478 propria,
927 2402 991 2462 otiu

109 2472 226 2544 singulis
254 2489 315 2526 esse
338 2474 493 2543 proprium,
519 2480 547 2527 et
571 2474 607 2527 ab
624 2473 686 2526 aliis
704 2473 845 2529 discernit
883 2474 934 2542 Qui
947 2484 991 2541 eret

109 2540 261 2597 eommunis
286 2541 409 2595 omnium
433 2548 667 2596 sacramentorum
684 2541 817 2612 analogia
834 2560 894 2600 esse
912 2538 990 2615 pontii?

108 2612 167 2668 Nos
187 2611 239 2664 hoe
261 2610 370 2664 axioma
387 2627 532 2681 urgemus:
562 2611 699 2680 ooalopia
721 2614 990 2666 sumomonte-unte

109 2697 161 2750 que
180 2679 335 2746 conformis
350 2681 501 2748 proportio
517 2680 591 2732 inter
609 2697 638 2732 ae
656 2680 686 2732 a'ta
704 2680 740 2731 t't’e
757 2681 841 2734 rebec
858 2676 990 2751 quaerendi

109 2758 158 2816 est,
176 2765 247 2816 quoe
266 2755 330 2800 stant
349 2749 474 2801 omnibns
491 2748 675 2801 sacramentis
692 2765 862 2817 communes,
879 2769 930 2806 aon
941 2756 989 2817 utet

109 2825 175 2870 aunt
195 2816 293 2885 cuique
318 2825 492 2870 sumomonte
512 2818 660 2886 propriae.
696 2816 861 2873 Communia
883 2813 987 2873 suntin·

110 2885 183 2957 gulis
210 2885 388 2938 sacramentis
418 2892 439 2940 1.
462 2902 547 2940 eausa
575 2884 699 2940 efficiens
729 2892 757 2940 et
785 2885 849 2941 finis
875 2880 986 2959 geuerdb

110 2962 133 3035 ²:
154 2954 287 3008 Constare
305 2954 398 3034 verbo·
409 2961 437 3009 et
454 2955 597 3008 elemento.
635 2959 658 3008 3.
681 2954 759 3008 Inter
777 2955 935 3038 elementum
949 2949 986 3005 siit

107 3040 223 3145 iiiiii
242 3027 602 3162 iatifflqnigiiiiimiii
622 3022 768 3161 iiiiii
791 3022 984 3162 bittit}

108 3160 289 3228 elementum,
313 3160 443 3229 specifica
469 3161 566 3214 itidem
588 3160 661 3214 ratio
686 3160 831 3233 analogiae
856 3163 884 3216 in
900 3152 982 3229 sirgdv

109 3227 263 3298 singularis.
301 3228 343 3282 Ac
363 3229 479 3298 proinde
503 3229 632 3299 analogia
651 3230 812 3299 quaerenda
829 3238 870 3286 est
886 3232 912 3285 iu
926 3234 980 3308 gere

109 3297 162 3351 ruli
171 3296 339 3365 definitione,
347 3315 403 3352 nou
412 3298 442 3352 in
450 3298 539 3353 forma
547 3297 661 3369 propria
669 3297 862 3355 etdiffereutia
870 3286 979 3371 specim)
