2250 3772
373 268 427 332 De
449 267 581 352 angelis.
708 354 710 358 ἱ
869 266 933 332 225

62 426 97 484 [ΙΙ.
109 434 201 503 Arpelr’
216 442 280 487 eunt
300 435 468 504 incorporei.
496 433 568 499 Quia
581 433 694 504 spiritus
707 449 818 488 earnem
830 439 858 488 et
868 450 933 488 ossa

62 500 97 553 lon
109 499 187 569 habet,
206 506 273 557 Lao.
293 506 337 571 24,
360 507 413 585 ‘392‘
433 505 507 573 Epir.
528 507 554 570 6,
573 506 616 557 12.
652 504 744 555 Errat
762 501 849 573 igitur
868 503 931 556 Ori·

62 582 125 687 ἔοικα,
143 572 189 643 qui
205 572 253 626 lib.
270 577 294 626 2.
314 572 349 626 de
366 589 453 642 prmo.
472 589 494 627 o,
515 578 538 627 2.
564 575 583 626 t.
609 577 632 626 1.
655 587 720 651 pag.
740 576 798 626 689.
821 577 932 640 praeter

75 641 152 707 atem,
174 639 279 694 Filium
303 644 331 694 et
348 639 482 711 Spiritum
500 646 625 695 sanetum
651 638 720 692 nihrl
739 639 831 694 vivere
848 638 933 694 sentit

62 701 99 760 line
111 724 136 763 οο
167 722 221 764 ore.
241 709 369 779 Itemque
379 708 507 764 Οοοοίοο.
522 709 551 762 in
569 708 661 762 collat.
676 715 699 761 7.
718 707 822 762 Abbat.
836 707 932 763 Sereni

62 769 148 831 lenob'
160 777 186 832 't
200 777 283 834 anim.
303 794 327 832 o.
344 783 382 832 13.
400 796 427 848 p.
442 784 501 833 811.
520 783 549 832 et
566 777 622 846 alii,
639 776 687 848 qui
705 777 820 848 angelos
832 793 932 847 eorpus

62 838 129 900 abur
144 851 277 915 asserunt,
321 863 357 900 uo
379 846 542 914 subsistunt,
559 845 626 902 lieet
643 845 753 899 tenuius
773 861 855 915 quam
873 862 932 900 nos.

62 907 98 990 Nep
112 914 193 968 oberat
214 922 235 970 1.
250 862 325 986 quoii
335 931 371 968 an
393 915 429 969 eli
441 915 573 996 leguntur
589 913 750 1035 apparuisse
766 915 796 994 in
806 919 932 984 aspecta-

62 975 179 1038 rilriorma
195 1000 229 1037 oo
264 1000 336 1038 orea
396 1001 517 1038 onenrm
534 983 588 1037 fuit
623 999 672 1037 aee
688 1000 802 1064 propria
821 988 849 1037 et
868 983 932 1036 sub-

62 1049 154 1107 ttntiom
172 1069 208 1108 an
229 1052 328 1107 eioam
346 1052 531 1119 constituens3
550 1068 601 1107 nee
620 1052 655 1106 de
672 1051 808 1105 erdenbus
827 1057 854 1106 et
866 1050 931 1104 sub-

62 1116 134 1174 mun
144 1138 211 1175 mun
232 1120 238 1133 '
257 1121 445 1191 superioribus
462 1126 560 1188 sumta,
579 1121 629 1174 sed
642 1120 733 1174 velex
745 1120 831 1174 nihilo
842 1137 859 1173 a
869 1120 931 1174 Deo
1007 1175 1019 1199 ·

62 1190 131 1264 {etta
145 1190 190 1245 vel
208 1190 244 1244 de
260 1195 371 1244 terrena
387 1189 503 1244 materia
521 1195 626 1257 sumta3
646 1205 736 1260 neque
755 1189 789 1242 de
808 1189 930 1258 ipsorum

62 1259 119 1321 rota,
132 1259 179 1313 sod
200 1256 257 1311 κατ’
278 1262 444 1330 οἰκονομίαν
460 1258 496 1311 nd
515 1265 625 1328 tempus
642 1261 779 1326 assumta,
797 1264 829 1311 ut
846 1273 931 1327 appa·

62 1333 95 1375 ere
108 1323 257 1381 hominibus
282 1331 311 1382 et
332 1328 464 1382 mundata
482 1326 535 1381 Dei
551 1325 654 1381 referre
672 1326 709 1380 ad
727 1326 788 1380 illos
807 1332 930 1395 possent,

62 1385 141 1472 imque
166 1395 327 1450 oeconomia
351 1397 405 1450 ista
426 1402 540 1466 peraeta
561 1395 662 1449 iterum
684 1395 729 1448 vel
751 1394 780 1448 in
806 1394 931 1462 nihilum,

62 1455 84 1510 'tl
96 1478 119 1517 ln
133 1469 242 1533 terram,
261 1464 307 1518 vel
319 1464 348 1518 in
364 1466 464 1532 alitem,
482 1463 557 1518 unde
570 1464 704 1528 desumto,
722 1464 843 1517 redacta.
872 1465 932 1518 Nee

62 1531 70 1576 l.
85 1530 168 1600 obstat,
187 1532 264 1614 quod
281 1533 307 1587 le
348 1539 413 1587 ntur
431 1532 592 1595 comedisse,
615 1532 684 1585 Gen.
694 1535 735 1598 18,
746 1536 769 1587 9.
779 1541 805 1584 et
817 1550 839 1586 ο.
850 1536 893 1598 19,
903 1536 930 1585 3.

62 1590 140 1672 lictum
159 1617 232 1655 emm
249 1601 300 1655 illu
336 1608 378 1656 est
397 1601 442 1655 rel
461 1608 482 1658 l.
495 1605 669 1682 apparenter,
688 1618 751 1654 oum
763 1616 860 1656 revera
875 1617 931 1654 non

62 1667 209 1736 oneremur,
227 1670 274 1724 vel
296 1675 320 1725 2.
341 1672 376 1725 'ex
394 1670 598 1740 dispensanone
612 1676 639 1723 et
650 1669 811 1727 oeconomia
827 1670 933 1725 formae

62 1741 170 1804 umere,
198 1738 245 1792 vel
267 1743 292 1793 3.
308 1756 364 1793 non
391 1738 466 1809 quod
487 1737 636 1805 esurirent,
663 1738 711 1793 sed
737 1742 770 1790 ut
788 1754 876 1807 usque
894 1738 931 1791 ad

62 1810 134 1879 lepus
148 1805 326 1863 revelationis
347 1807 472 1862 laterent.
510 1806 677 1877 Quanquam
703 1805 782 1859 oibus
802 1823 859 1860 non
875 1823 932 1860 ma-

62 1870 156 1929 uniter
172 1875 313 1956 digestus,
331 1876 380 1930 sed
400 1875 436 1929 ab
454 1875 596 1956 angelicae
614 1881 731 1930 naturae
753 1874 866 1928 flamma
885 1875 934 1929 ab·

62 1948 138 1996 ortus.
173 1943 247 1998 Vrde
265 1944 301 1998 de
318 1943 363 1998 his
379 1946 530 2014 Aequorea.
548 1943 596 1997 lib.
612 1950 650 1999 13.
668 1943 703 1998 de
715 1942 745 1997 C.
757 1943 792 1997 D.
812 1960 874 2013 eap.
891 1950 932 1999 22.

62 2008 83 2059 ·5
103 2011 147 2067 ool.
157 2017 216 2067 7³7.
225 2012 260 2065 Β.
291 2012 409 2080 Grepor.
420 2012 469 2067 lib.
479 2018 520 2069 28.
534 2029 602 2068 mor.
620 2029 644 2066 o.
656 2018 681 2066 2.
693 2017 712 2066 t.
729 2018 751 2066 1.
764 2012 817 2066 ool.
829 2018 887 2067 939.
897 2012 933 2066 D.

62 2074 139 2133 talin.
165 2079 332 2136 Differentia
346 2080 478 2151 specifica
489 2081 606 2135 sumitur
626 2088 647 2135 1.
664 2097 777 2134 aoausa
794 2079 933 2136 efficiente

62 2154 193 2217 2¹⁰treant0.
231 2155 256 2204 2.
274 2149 425 2220 Adjunotis
444 2149 634 2221 qualitatibus.
673 2155 696 2206 3.
714 2149 792 2203 Fine.
824 2150 846 2204 Ι.
864 2148 933 2204 Effi-

62 2222 264 2342 lrlt‘tl
283 2217 495 2342 {il-Delleqffi
508 2218 629 2342 ffips
642 2219 754 2340 “mill
772 2220 933 2341 Firmi}

79 2346 155 2409 intelli
172 2329 263 2410 entes.
301 2303 934 2437 Uiinriomntirimlaxioiniinanpgllfii'cercinitis

62 2427 91 2469 ¹⁸0
103 2439 132 2474 aa
143 2373 296 2493 §ereptura
313 2432 438 2492 constan·
458 2426 493 2477 de
506 2425 551 2477 die
562 2441 628 2478 οονο
641 2433 793 2477 oreatumre
807 2442 934 2492 aprorum

62 2480 100 2541 lul
113 2493 183 2545 certi
199 2500 316 2548 constat.
345 2492 439 2547 Primo
452 2499 546 2547 tamen
559 2492 622 2545 illos
636 2492 681 2546 die
694 2500 800 2547 creatos
819 2493 933 2563 quidam

62 2549 164 2630 offigunt,
181 2560 247 2614 vide
268 2561 449 2616 Gerhardam
463 2560 496 2615 L.
514 2560 545 2616 C.
567 2561 602 2616 de
621 2561 710 2632 angel.
728 2565 794 2615 tom.
807 2568 830 2615 2.
850 2558 878 2635 ξ.
892 2568 933 2617 40.

62 2633 96 2693 ῑε.
112 2633 150 2685 22.
168 2634 280 2684 stante
296 2629 375 2684 illum
393 2632 529 2684 Notiora.
549 2635 615 2683 orat
636 2634 677 2684 38.
695 2629 725 2682 in
743 2628 845 2685 Christi
862 2630 935 2684 nati·
1037 2662 1048 2675 .

62 2684 85 2745 ie
101 2712 125 2766 p.
145 2701 205 2753 587.
230 2703 259 2752 et
281 2698 311 2752 in
329 2703 399 2755 orat.
417 2704 459 2754 42.
483 2698 513 2752 in
551 2697 625 2754 meh.
644 2703 668 2752 a.
691 2716 720 2769 p.
739 2703 797 2754 ose.
835 2697 933 2765 corps.

76 2765 91 2813 l·
103 2764 134 2820 de
149 2765 257 2838 prorid.
280 2773 301 2827 t.
321 2775 346 2821 5.
373 2767 425 2822 ool.
447 2773 506 2823 600.
524 2715 557 2820 fl.
593 2768 731 2822 Damaso.
749 2766 797 2821 lib.
817 2772 841 2822 2.
861 2767 933 2821 orth.

62 2823 155 2912 ἁμαρ.
174 2840 200 2890 3.
224 2852 251 2905 p.
272 2842 314 2900 71,
338 2836 387 2907 qui
412 2841 477 2891 ante
502 2834 640 2890 hominem
662 2836 725 2889 illos
747 2839 854 2889 creatos
874 2852 934 2890 esee

62 2901 151 2957 urunt.
187 2904 249 2956 Neo
276 2905 367 2958 oberat
392 2905 497 2959 Martii.
523 2907 570 2971 18,
595 2908 639 2958 10.
685 2903 729 2957 Ex
756 2921 788 2958 eo
814 2919 935 2975 namque

62 2956 138 3046 ‚ltpeho
153 2971 287 3043 phraseos
300 2972 339 3026 im
359 2973 517 3040 eminenter,
536 2973 612 3044 quod
624 2989 732 3042 semper
747 2971 860 3037 fuerint,
879 2973 936 3027 ool·

62 3039 130 3101 llil!-
163 3039 235 3096 oum
256 2991 417 3096 adveriium
440 3057 549 3111 semper
573 3041 686 3096 denotat
711 3040 764 3094 hoo
788 3041 851 3094 loeo
876 3058 933 3095 non

62 3103 222 3178 muntem,
240 3109 290 3164 sed
307 3110 489 3181 apparitionis
506 3126 600 3164 eoram
617 3115 697 3180 patre
713 3108 934 3170 continuitatem,

62 3174 146 3270 pulit
163 3178 210 3231 διὰ
228 3179 334 3240 παντὸς
345 3179 524 3250 subintellige
538 3178 644 3248 χρόνου
677 3195 707 3232 er
720 3195 802 3232 omne
814 3184 933 3249 tempus.

62 3252 136 3317 dsunt
151 3246 238 3318 igitur
256 3247 423 3317 Simoniani,
443 3248 628 3312 Corinthiam}
674 3247 814 3301 rohontioa'
832 3248 935 3312 etalii,

62 3311 127 3371 nab
143 3315 246 3387 angelis
268 3316 403 3370 mundum
420 3315 562 3372 eonditum
579 3315 764 3384 somniarunt,
786 3316 850 3371 vide
867 3319 932 3370 Da·

747 3400 772 3442 15
838 3396 844 3410 ⁸

960 3344 1024 3548 ,1
