2250 3772
113 202 178 266 232
241 201 347 286 Caput
369 202 412 265 [L
455 202 510 267 De
529 202 680 287 symbolo
701 202 889 289 apostolico.

117 370 235 433 animae,
251 386 352 440 nempe
373 368 840 443 rianturulumdaldegrat
857 368 994 442 primlm

117 455 178 510 cap.
198 445 223 493 t.
241 446 308 493 tom,
326 447 352 494 t.
371 439 483 519 col312.
499 438 535 493 A.
550 438 584 495 B.
591 439 653 520 col.
667 444 716 521 ‚¹³·
728 438 760 496 C.
796 441 876 495 Nota
890 436 996 521 man

114 504 997 644 ffittt1t‘ttttffl.⁸tffltt,tttttt

112 654 195 711 teres,
215 645 264 716 qui
281 646 371 698 virum
389 654 499 699 tantum
516 645 554 698 ad
570 645 721 717 imaginem
740 647 795 702 Dei
812 646 947 702 conditum
959 640 997 695 (lit

114 721 223 784 putant.
270 715 334 768 l'id.
363 716 459 769 Ttom.
481 721 503 770 1.
526 724 634 785 quaest.
652 721 694 770 93.
719 722 772 769 art
790 722 817 774 t.
840 716 878 769 ad
895 722 919 770 t.
955 710 998 765 litt

1022 39 1039 225 l

114 785 204 835 obstat
230 789 255 836 1.
278 782 343 836 Cor.
364 787 410 846 11,
434 790 457 837 7.
499 783 624 854 Respicit
650 784 726 837 enim
749 785 893 854 apostolus
915 786 998 837 man
1035 808 1038 813 ·

113 852 205 931 minas
222 850 404 933 principalem
413 852 551 933 ‘imaginis
570 852 655 922 hujus
673 851 853 924 dignitatem,
875 847 998 907 dominns

113 937 252 983 nimirum,
269 937 356 1000 cujus·
368 930 517 1002 eminentia
534 922 594 976 viro
610 922 721 1002 proprie
732 921 917 1003 competebat
941 917 999 973 flia

112 996 207 1128 {llil
220 989 929 1128 ttttlttttttflttffltttttfftttmt’
941 998 1000 1110 tt

116 1142 141 1182 e.
161 1133 184 1180 ῑ.
203 1133 268 1180 tom.
287 1132 311 1181 a.
331 1127 382 1180 cot.
400 1134 459 1182 aas.
476 1128 520 1194 Β.)
753 1101 761 1114 ’
826 1146 831 1155 ·
859 1101 866 1114 ’

177 1248 206 1310 3.
242 1246 405 1324 Quaenam
425 1272 496 1310 raro
516 1260 545 1310 et
563 1248 663 1333 qualis
686 1259 731 1309 eat
752 1250 858 1332 imago
878 1242 955 1311 Dei?

197 1349 258 1411 Est
277 1347 366 1411 aliud
386 1348 443 1425 nil,
464 1371 561 1432 quam
577 1346 704 1431 justitia
725 1359 757 1412 et
775 1347 923 1411 sanctitas
936 1362 1001 1421 vert,

112 1432 147 1495 in
175 1456 239 1516 qua
267 1432 387 1517 primus
418 1433 513 1497 homo
539 1433 687 1497 conditus
712 1443 778 1509 est,
807 1434 891 1517 Epa.
911 1433 945 1514 4,
961 1426 999 1499 24,

111 1518 287 1581 consistens
316 1518 350 1581 in
378 1540 502 1581 summa
527 1518 625 1581 totius
653 1518 791 1581 hominis
819 1515 1002 1616 perfectione,

112 1602 256 1666 omnium
276 1603 400 1666 animae
422 1615 454 1666 et
474 1603 616 1689 corporis
630 1602 746 1666 virium
760 1602 951 1673 rectitudine,
965 1596 1000 1659 in·

113 1687 272 1773 tegritate,
286 1688 433 1772 puritate,
448 1711 486 1751 ac
503 1711 576 1752 cum
587 1689 659 1773 lege
670 1688 779 1751 <lirina
794 1686 1000 1752 conformitate.

182 1796 251 1863 (Alii
274 1797 416 1851 doctrinae
438 1797 529 1868 gratia
551 1798 621 1851 duas
642 1796 774 1867 imaginis
797 1795 907 1850 divinae
928 1794 1001 1916 ἰώ

112 1883 173 1921 csse
192 1872 326 1919 asserunt.
366 1873 387 1919 t.
405 1865 557 1920 Materiale.
590 1872 612 1920 2.
631 1866 767 1920 Formale.
804 1866 929 1918 Materia
966 1872 1000 1911 vt

111 1941 178 1988 cant
204 1942 379 1989 concreatam
403 1935 479 1988 illam
505 1935 627 1989 omnium
655 1934 754 1987 virium
778 1934 959 2004 integritatem
975 1938 1000 1977 at

110 2004 195 2058 totius
209 2012 325 2058 naturae
335 2004 538 2065 rectitudinem,
556 2005 638 2073 cujus
649 2020 700 2072 pro
712 2003 823 2056 diversa
835 2002 1000 2071 subjectorum

110 2073 218 2126 ratione
239 2073 362 2126 diversos
380 2073 484 2143 gradus
502 2072 617 2125 faciunt.
650 2082 672 2125 l.
684 2071 719 2124 Iu
735 2072 881 2125 intellectu
892 2066 1000 2124 etnam

110 2140 165 2194 fuit
182 2142 307 2209 perlecta
325 2142 461 2196 essentiae
483 2148 511 2194 et
527 2141 677 2194 voluntatis
695 2140 749 2193 Dei
774 2139 904 2210 cognitio.
938 2143 959 2191 t.
975 2129 1001 2183 11¹

111 2209 255 2264 voluntate
279 2209 367 2262 libera
392 2211 427 2263 ad
453 2210 545 2264 Deum
563 2208 718 2276 conversio,
746 2215 775 2262 et
797 2225 861 2261 cum
880 2202 1001 2260 voluntate

111 2277 166 2330 Dei
183 2278 267 2345 plena
286 2280 438 2331 consensio,
469 2285 493 2335 3.
514 2278 548 2331 In
564 2278 647 2331 corde
659 2277 782 2330 omnium
794 2276 942 2332 affectuum
954 2281 1000 2323 ⁸¹18·

109 2346 224 2399 sissima
241 2362 304 2398 cum
324 2345 386 2415 lege
403 2348 457 2401 Dei
472 2347 663 2412 conformitas,
687 2351 715 2400 ot
735 2345 764 2398 in
783 2346 897 2416 reliquis
914 2342 1001 2415 animat

109 2413 216 2467 viribus
235 2421 262 2466 et
281 2416 402 2482 corporis
420 2416 549 2470 membris
566 2432 674 2469 summa
684 2414 831 2483 rectitudo,
850 2421 879 2469 et
896 2414 1001 2483 promffl·

110 2483 209 2535 simum
230 2482 289 2537 sine
305 2482 383 2536 nulla
400 2484 549 2539 rebellione
565 2484 737 2554 obsequium.
773 2484 907 2536 For-male
925 2472 1002 2553 dicant

108 2552 196 2607 fuisse
213 2552 432 2620 acceptationem
450 2569 585 2623 personae
605 2553 659 2606 Dei
697 2550 834 2620 iacentis,
846 2549 1001 2623 inhabitant

109 2638 172 2675 nom
193 2619 246 2674 Dei
264 2620 429 2690 gratiosam,
449 2628 478 2676 et
497 2639 665 2675 summorum
705 2636 819 2674 oncrum
838 2622 1001 2673 communlffl·

110 2690 214 2744 tionem
232 2689 431 2760 largissimam,
457 2707 528 2760 quae
546 2690 653 2757 omnia,
677 2689 700 2742 si
724 2688 807 2743 homo
829 2688 859 2741 in
877 2680 1002 2743 concrttll

108 2759 270 2830 integritate
286 2759 422 2828 stetisset,
441 2760 471 2814 in
490 2766 614 2830 posteros
633 2760 836 2829 propagasset.)

107 2882 137 2945 4.
173 2880 242 2959 Qua
259 2882 379 2943 ratione
401 2882 569 2964 probabis,
592 2881 751 2964 justitiam
781 2891 810 2941 et
831 2879 1002 2940 sanctitatem

237 2966 417 3049 originalem
440 2987 502 3029 esse
524 2966 689 3049 imaginem
709 2962 794 3025 illam
818 2960 906 3027 Dei?

191 3068 296 3129 Probo
308 3067 347 3128 ab
360 3066 493 3148 ep'aadem
499 3069 609 3148 praeci
630 3087 667 3126 ae
678 3065 912 3127 restauratione.
934 3049 1004 3149 Qull

107 3150 235 3214 casola
257 3163 288 3213 et
308 3172 373 3212 una
395 3159 443 3212 est
464 3148 571 3234 imago
595 3090 676 3231 Ilei,
698 3147 732 3209 in
753 3169 820 3230 qua
839 3147 933 3211 homo
952 3157 1004 3229 prl·

104 3233 200 3297 mitus
230 3247 278 3297 est
304 3246 443 3309 creatus,
471 3233 512 3296 ad
541 3256 639 3316 quam
660 3231 761 3295 renati
783 3254 842 3317 per
866 3229 1005 3319 Spiritum
