2250 3772
245 240 397 326 Syllabas
419 265 525 306 rerum
547 252 578 306 et
600 243 778 309 verborum.
909 242 972 308 653

56 408 271 531 Foomollorpm
290 410 320 466 V.
338 411 369 466 T.
382 412 503 463 mediam
521 411 633 477 colatis,
649 411 769 466 habetur
786 412 815 466 in
828 411 972 483 Scriptura

59 494 63 499 ·
95 495 182 532 sacra.
204 484 246 534 4.

62 549 186 615 Foeoua,
203 545 375 600 describitur.
398 552 454 601 126.

61 617 169 672 Fontes
192 616 356 684 scripturae
374 633 395 669 a.
414 632 470 669 non
487 616 636 674 variantur.
656 625 697 675 34.

59 685 237 752 Fornicatio,
256 683 427 738 describitur.
468 690 524 739 113.

60 755 201 821 Fortuna,
219 753 283 822 vide
305 753 403 809 cosor.

60 822 181 879 Fraotio
195 823 286 890 porris
308 823 338 874 io
362 840 383 877 s.
411 837 511 886 coeno,
535 840 580 877 res
596 823 687 879 libera
704 829 753 879 est.
774 830 832 880 539.
870 823 973 879 Confer

60 894 63 899 '
97 907 188 961 supra.
205 896 263 946 483.

60 976 218 1043 Frangere,
235 976 308 1029 idem
328 981 378 1043 est,
396 992 429 1028 ac
447 975 619 1031 distribuere.
640 982 698 1032 542.

59 1045 159 1099 Fraus
177 1044 297 1098 habetur
314 1062 364 1114 pro
382 1045 464 1098 furto.
488 1050 544 1099 124.

59 1113 241 1180 baciolam,
262 1118 304 1167 est
321 1113 408 1167 virtus
425 1112 491 1168 VII.
508 1113 656 1182 praecepti.
679 1119 734 1168 131.

60 1183 197 1249 Factum,
221 1182 338 1235 sumitur
361 1182 391 1235 in
409 1181 543 1252 decalogo
567 1199 616 1252 pro
637 1181 781 1252 quibusvis
799 1183 906 1237 technis
924 1201 973 1238 seu

63 1276 68 1284 ·
96 1249 495 1372 ququpiisqerurrrtalienaruqrr.
518 1250 777 1374 122.3]dcscribitur.
800 1257 857 1308 123.
884 1270 974 1322 poena

117 1335 179 1372 ore
207 1336 268 1373 use
286 1335 314 1373 es
349 1337 394 1373 sus
416 1336 449 1372 en
471 1337 536 1373 rum.
606 1359 612 1372 .

58 1337 237 1442 ibtororim
250 1338 423 1456 praediciti,
444 1405 513 1457 opus
534 1388 657 1442 divinum
674 1393 724 1444 est.
747 1393 805 1444 248.

61 1541 240 1603 Gerraidai.
259 1549 301 1596 est
318 1545 463 1610 peccatum
482 1559 530 1595 seu
547 1540 646 1595 vitium
657 1540 737 1597 VIII.
749 1543 971 1614 praeceptiljffll.

64 1608 236 1677 Generatio,
260 1611 325 1663 Filii
343 1609 398 1663 Dei
422 1610 563 1664 character
581 1615 631 1665 est.
659 1617 719 1668 211.
756 1612 904 1667 ineffabilis
923 1618 972 1668 est.
1080 1670 1082 1674 ,

98 1684 158 1733 212.
197 1679 354 1733 aeternitati
372 1694 505 1747 personae
525 1679 612 1747 ipsius
631 1679 700 1732 nihil
717 1680 817 1736 obstat.
838 1688 896 1737 317.

64 1746 222 1802 Generatio
239 1766 288 1800 soa
300 1750 475 1816 propoqotr'o
495 1748 631 1817 carrociis,
649 1749 821 1804 describitur.
843 1756 890 1805 163
912 1768 972 1822 sqq.

96 1816 267 1885 spiritualis,
284 1815 472 1886 metaphorica
489 1821 539 1872 est.
560 1822 618 1871 247.
961 1847 963 1854 ·

65 1885 173 1940 Gentes
199 1884 228 1937 in
258 1885 287 1938 V.
314 1887 345 1938 Τ.
372 1885 499 1955 legerunt
522 1885 606 1938 etiam
630 1903 652 1941 s.
679 1884 849 1954 Scripturam
869 1902 901 1940 ac
923 1903 973 1956 per

97 1953 176 2006 illam
192 1953 306 2007 fuerunt
325 1954 455 2007 salvatae.
475 1959 515 2008 21.
550 1953 623 2008 Vide
641 1954 762 2006 Ethnioi.

64 2023 241 2090 Gcoafleor'o,
261 2039 316 2076 non
335 2029 377 2076 est
394 2021 585 2102 superstitiosa
602 2022 763 2076 ceremonia.
784 2026 843 2075 446,
864 2025 919 2074 574.

64 2089 204 2172 (iactuum
227 2099 278 2145 oct.
303 2090 386 2159 vitia,
412 2090 475 2144 vide
499 2090 550 2144 sub
579 2090 695 2161 singulis
715 2089 842 2160 decalogi
861 2105 972 2159 praece·

96 2164 162 2231 ptis.

64 2245 171 2301 Gloria
193 2243 304 2298 Christo
322 2246 398 2311 olata,
418 2243 512 2296 divina
533 2249 561 2298 et
576 2241 685 2296 infinita
702 2249 751 2297 est.
774 2249 833 2300 267.

63 2313 247 2382 Glon'ficatio
264 2313 385 2366 nominis
405 2313 501 2377 divini,
519 2313 606 2366 virtus
624 2311 662 2365 Il.
680 2312 821 2382 praecepti
840 2318 890 2369 est.
912 2318 953 2367 75.

65 2383 184 2439 Graeco
202 2383 313 2450 linqua,
338 2381 366 2434 in
383 2381 418 2437 N.
434 2381 467 2434 T.
486 2387 528 2435 est
546 2381 713 2435 authentica.
738 2387 778 2437 22.
814 2381 915 2435 mansit
930 2382 971 2435 in-

66 2484 70 2491 ·
97 2456 235 2522 corrupta.
253 2451 321 2503 ibid.
358 2450 413 2504 fuit
430 2450 494 2505 olim
513 2449 663 2504 notissima.
681 2456 724 2505 27.

64 2519 189 2585 Gratia,
213 2522 332 2586 dorcam,
357 2535 474 2582 oberres,
500 2520 654 2589 promiscue
671 2519 700 2571 in
725 2535 746 2572 s.
767 2518 909 2588 Scriptura
927 2535 972 2572 su·

96 2593 218 2642 muntur.
240 2594 297 2643 787.
333 2586 435 2641 Confer
453 2593 502 2642 373
520 2604 577 2658 seq.

62 2673 173 2730 Gratia
195 2673 266 2735 Dei,
290 2673 380 2742 major
403 2675 445 2725 est
463 2672 590 2724 omnibus
607 2671 736 2741 peccatis.
765 2677 821 2728 173.
859 2672 911 2741 ipsi
930 2677 973 2726 to·

96 2746 158 2795 tum
176 2741 360 2795 conversionis
377 2741 520 2811 negotium
538 2739 759 2794 adscribendum.
778 2747 835 2796 327.
872 2740 974 2795 descri-

96 2809 182 2864 bitur.
213 2816 272 2868 373.
323 2827 411 2862 cocao
445 2827 554 2862 summo
583 2809 801 2877 justificationis
829 2815 878 2866 est.
913 2815 973 2868 372.

96 2878 175 2933 varie
199 2878 378 2948 distinguitur
400 2895 417 2931 a
441 2877 596 2948 pontificiis.
621 2883 680 2934 374.
717 2878 847 2948 operibus
871 2878 973 2932 nostris

97 2963 155 3001 non
173 2947 331 3018 acquiritur.
351 2952 408 3003 374.
444 2964 501 3001 non
517 2951 560 3001 est
572 2946 738 3027 opponenda
752 2947 849 3002 merito
861 2946 973 3002 Christi.

100 3021 152 3071 383
171 3031 227 3086 seq.
265 3033 315 3085 per
334 3033 364 3070 se
379 3033 435 3068 non
453 3019 496 3070 est
513 3015 669 3070 securitatis
681 3021 775 3070 mater.
794 3022 852 3072 337.
890 3032 974 3071 causa

98 3083 172 3141 effic.
200 3085 331 3155 primaria
357 3085 498 3139 electionis
523 3092 552 3138 et
578 3083 674 3137 salutis
702 3090 812 3138 nostrae
835 3089 884 3141 est.
914 3090 974 3141 333.

98 3153 263 3208 universalis
292 3157 341 3207 est.
370 3158 420 3208 402
439 3171 514 3223 seqq.
567 3170 623 3208 non
649 3152 772 3207 excludit
796 3152 887 3211 fidem.
914 3159 975 3211 472.

96 3222 189 3276 amitti
233 3226 317 3290 otest,
340 3222 408 3275 ibid.
433 3229 462 3276 et
479 3238 555 3292 seqq.
610 3222 729 3276 uomodo
747 3221 776 3275 in
794 3222 974 3277 sacramentis

97 3290 135 3350 N.
150 3290 183 3344 Τ.
219 3296 314 3348 tica.
352 3290 453 3346 Confer
472 3291 568 3359 Opera
632 3292 717 3346 otico.

1032 3374 1072 3544 l
