2250 3772
373 237 425 302 De
447 235 649 328 poenitentia.
905 233 966 297 173

86 406 224 462 vocabulum
241 405 428 460 conversionis
453 405 536 459 etiam
560 405 742 485 synonymicc
758 421 808 484 pro
825 406 968 474 poeniten·

86 473 238 545 deponitur,
264 474 376 529 interim
398 481 505 541 tamen,
533 491 599 544 qula
618 478 646 527 et
664 473 825 553 corporibus
865 474 968 544 hysicis

86 544 199 614 conpetit,
224 561 314 615 genus
339 543 525 613 poenitentiae
549 547 624 597 recte
647 543 796 595 constituit.
872 551 967 599 enotat

86 617 153 668 auten
169 613 351 667 mutationem
368 629 425 665 non
439 610 573 682 quamvis,
592 611 722 678 sedeam,
741 627 797 680 qua
807 611 890 666 homo
904 631 968 682 pec·

86 687 141 735 aar
153 681 221 735 alius
240 680 274 735 fit
291 697 308 734 a
328 681 425 750 seipso,
443 698 498 734 non
516 680 622 733 ratione
640 679 785 747 essentiae,
804 681 852 734 scd
871 697 968 737 secun·

87 748 132 802 dum
146 750 316 812 affectiones,
334 755 472 820 quatenus
492 749 528 802 ad
547 748 640 802 Deum
657 765 675 801 a
692 749 815 817 peccatis
834 751 968 806 converti·

87 825 121 872 tu.
147 819 311 873 Differentia
327 818 445 872 sumitur
463 835 480 870 a
498 818 631 887 subjecto,
650 817 725 887 quod
744 821 786 870 est
804 817 886 872 homo
903 837 968 889 pec·

86 893 151 954 sator,
168 889 289 958 itemque
308 886 493 941 conversionis
510 887 600 940 forma
624 886 682 939 sive
700 885 794 952 modo,
818 887 909 941 causis
926 889 968 943 in·

86 956 294 1023 strumentalibua
314 956 372 1010 sive
391 955 497 1022 mediis,
516 954 721 1024 eorundemque
739 954 856 1024 objectis
876 957 968 1028 dupli-

86 1022 141 1077 cibus
157 1024 325 1086 declaratur,
348 1041 446 1094 nempe
464 1024 604 1094 agnitione
620 1023 730 1091 peccati
742 1039 793 1092 per
811 1022 915 1096 legem,
940 1034 969 1082 et

86 1089 123 1146 dds
137 1109 182 1162 per
201 1092 350 1149 Christum.
388 1095 499 1146 Errant
519 1100 542 1150 1.
559 1093 717 1146 Novatiaai
732 1100 758 1144 et
775 1091 900 1162 Gothori,
919 1096 967 1166 qui

86 1157 255 1216 inmanifesta
282 1162 388 1216 scelera
409 1166 474 1231 post
496 1161 667 1230 baptismum
683 1159 837 1231 prolapsis,
860 1163 968 1219 etiamsi

137 1229 255 1284 'tendam
272 1247 290 1284 a
310 1237 396 1296 erent,
414 1229 548 1285 ecclesiae
567 1229 786 1284 communionem
805 1237 833 1283 et
849 1231 968 1289 salutem

86 1243 242 1370 &gabant
266 1249 405 1362 ‚Igratcod
423 1299 440 1353 l.
460 1304 483 1352 3.
503 1299 607 1353 elench.
627 1297 731 1352 haeres.
755 1305 793 1353 ll.
811 1317 838 1368 p.
863 1306 918 1355 125.
939 1307 968 1357 et

86 1361 139 1421 lla,
154 1367 257 1422 haeres.
277 1374 299 1422 9.
319 1385 347 1437 p.
366 1373 423 1422 365.
459 1367 563 1421 Contra
581 1383 738 1436 expressam
755 1368 968 1424 obtestationem

86 1429 132 1502 Dei,
153 1438 249 1490 Erech.
270 1440 316 1503 18,
337 1439 382 1504 27,
409 1443 505 1490 contra
527 1436 681 1505 exemplum
697 1436 775 1489 Petri
800 1435 829 1488 in
847 1438 968 1507 gratiam

86 1510 129 1568 post
142 1505 245 1574 lapsum
264 1504 379 1574 recepti,
397 1506 465 1558 Jot.
477 1508 573 1572 21,1.5,
592 1510 689 1559 contra
708 1503 775 1558 item
792 1505 898 1560 factum
910 1508 967 1562 Do-

86 1569 132 1624 mini
147 1591 233 1628 ovem>
239 1573 378 1642 perditam
394 1573 515 1626 humeris
532 1574 713 1642 reportantis,
740 1574 845 1627 Mersa.
862 1580 902 1644 10,
920 1580 966 1634 12,

86 1634 170 1695 letus
189 1644 401 1710 Odrysostomas
416 1641 509 1695 homil.
528 1648 552 1698 2.
571 1641 600 1694 in
616 1642 663 1696 Ps.
675 1648 714 1696 50.
732 1648 752 1695 t.
765 1649 787 1698 l.
802 1643 853 1698 ool.
863 1645 966 1701 927.A.

86 1704 197 1773 Peeosti,
222 1711 385 1780 poeaiter'c;
412 1711 516 1763 millies
531 1712 671 1780 peccasti,
695 1710 798 1764 millies
812 1715 965 1780 poenitere.

87 1773 169 1831 Eiram
186 1785 209 1834 2.
228 1780 403 1839 scholastici,
422 1779 471 1849 qui
488 1779 686 1848 poenitentiam
704 1779 803 1833 vitiose
823 1780 966 1849 definiunt,

86 1845 138 1900 uda
151 1848 300 1918 praeterita
319 1848 467 1918 plangere,
488 1853 516 1902 et
536 1847 696 1918 plangenda
712 1865 768 1906 non
787 1849 967 1917 committere,

86 1911 209 1970 datas.
228 1921 347 1972 sentent.
372 1923 396 1970 4.
415 1916 478 1969 dist.
501 1923 539 1971 ll.
557 1934 584 1986 p.
598 1923 655 1972 354.
665 1916 700 1969 A.
739 1916 874 1971 Convenit
894 1918 967 1972 enim

86 1980 120 2034 oli
137 1984 300 2040 contritioni.
344 1986 455 2037 Errant
478 1991 501 2038 3.
516 1985 674 2064 pontificii,
698 1983 745 2056 qui
768 1985 967 2054 poenitentiam

86 2061 127 2106 etse
144 2059 344 2108 sacramentum
366 2053 476 2122 proprie
499 2053 604 2107 drotum
627 2071 716 2124 aeque
738 2069 771 2108 ac
789 2053 968 2124 baptismum,

86 2129 220 2176 ttooenam
236 2121 403 2175 dominicam
421 2121 562 2179 dimicant.
594 2121 966 2180 Coacit.Trideat.sess.14.

86 2198 155 2246 turon
177 2197 199 2245 1.
237 2191 369 2244 Bettorm
395 2191 413 2243 l.
436 2196 459 2245 l.
479 2190 513 2244 de
531 2191 682 2260 poenitent.
698 2208 722 2245 c.
735 2196 758 2246 8.
778 2196 797 2244 t.
809 2197 832 2246 3.
853 2193 904 2246 col.
915 2199 966 2249 999

86 2266 138 2334 000.
167 2260 238 2314 Cum
255 2265 350 2312 tamen
368 2265 390 2313 1.
413 2259 579 2313 destituatur
600 2265 712 2314 externo
736 2260 862 2329 symbolo
881 2261 910 2314 in
926 2263 968 2316 in.
1069 2302 1080 2319 κ

86 2326 207 2383 untionis
223 2327 317 2382 verbis
335 2344 480 2398 expresso,
505 2345 585 2383 omne
609 2328 682 2382 enim
701 2329 859 2397 symbolum
876 2348 967 2386 sacra-

86 2397 178 2450 nutus
208 2402 252 2451 est
278 2396 448 2464 substantia,
475 2401 572 2466 utpote
603 2397 632 2451 in
655 2398 793 2466 baptismo
819 2415 905 2469 aqua,
937 2400 967 2454 in

86 2469 147 2518 wera
162 2466 243 2535 panis
262 2471 290 2519 et
307 2464 409 2518 vinum.
440 2466 528 2535 Atqui
547 2465 626 2534 signa
641 2466 827 2536 poenitentiae
843 2469 968 2522 etverba

86 2525 254 2600 tbsolutionis,
285 2540 350 2587 sunt
376 2535 506 2588 actiones.
547 2534 645 2604 Neque
668 2535 750 2588 etiam
772 2541 794 2589 2.
813 2553 831 2589 a
849 2535 966 2605 Christo,

86 2593 132 2654 dot.
146 2606 190 2671 20,
208 2606 256 2665 22,
280 2601 329 2654 ubi
351 2602 444 2656 sedem
465 2603 548 2673 hujus
574 2603 740 2657 sacramenti
764 2603 898 2673 pontificii
916 2603 967 2658 fln-

86 2674 146 2738 runt,
166 2672 305 2726 Bellarm.
326 2670 352 2724 d.
369 2671 387 2726 l.
408 2689 431 2725 c.
455 2677 493 2724 10.
519 2672 569 2724 col.
591 2677 666 2725 1004.
684 2672 718 2725 A.
737 2689 792 2742 seq.
819 2672 967 2742 descripta,

86 2735 133 2813 ltin
146 2747 171 2794 et
189 2746 213 2794 3.
233 2739 365 2810 pleraque
382 2739 544 2809 adiaphora.
583 2742 644 2794 Nec
661 2742 759 2801 obstat,
778 2742 852 2811 quod
870 2742 967 2810 apolo-

86 2814 119 2863 00
131 2813 307 2875 Aupostaaae
322 2808 509 2876 confessionis
526 2809 724 2878 poenitentiam
737 2809 860 2879 appellat
877 2825 968 2863 sacra·

86 2879 189 2932 uenum.
214 2877 275 2931 Art.
295 2876 330 2929 de
347 2893 451 2931 numer.
470 2882 663 2932 sacramentor.
687 2896 715 2947 p.
734 2883 790 2933 200.
828 2877 876 2930 Fit
894 2876 968 2931 euim

86 2930 123 2993 hoc
135 2946 279 2999 secundum
299 2945 381 3015 quid,
400 2945 608 3015 generalissima
625 2947 700 3000 vocis
717 2945 891 3014 acceptione,
910 2963 968 3016 qua

86 3017 260 3069 tutamentum
274 3014 431 3083 appellatur
448 3014 518 3067 ritus
537 3015 643 3068 bahem
660 3015 822 3068 mandatum
841 3015 903 3081 Dei,
921 3013 967 3068 oui

87 3072 159 3134 adda
171 3083 205 3137 sit
223 3082 368 3152 promissIo
386 3083 502 3154 gratiae.
540 3082 601 3146 Quo
626 3099 708 3137 sensu
732 3089 760 3137 ct
777 3083 859 3152 plura
877 3099 968 3137 sacra·

87 3152 157 3202 menta
171 3151 301 3205 constitui
318 3157 439 3221 possent.
480 3151 609 3214 Quaestio
632 3159 723 3206 autem
748 3150 793 3205 hio
812 3158 853 3206 est
871 3152 906 3207 de
925 3168 967 3207 sa·

89 3221 201 3274 annua
214 3237 279 3274 vere
298 3226 326 3274 et
344 3221 454 3290 proprie
474 3220 569 3284 dicto.)
