2250 3772
194 240 294 306 Prim.
316 261 420 327 praec.
440 276 484 287 -
503 239 556 303 De
577 238 713 323 sculptil.
736 249 767 304 et
786 239 881 325 imag.
955 237 995 303 71

161 407 276 468 (Idolum
292 413 336 462 est
352 409 432 476 nibil,
449 425 504 463 non
534 407 608 461 uoad
621 407 784 476 essentiam,
803 377 912 460 constat
924 405 998 460 enim

101 491 133 555 ει..
144 475 232 547 aliqua
248 476 378 542 materia,
398 494 465 530 auro
484 425 552 538 scil„
571 481 699 546 argento,
722 476 811 546 ligno,
835 475 929 556 lapide
953 476 999 530 vel

104 543 150 598 aba
171 545 301 616 quadam3
328 546 378 600 sed
401 546 493 616 quoad
519 545 693 616 qualitatem,
721 544 949 615 significationem
969 549 998 598 et

106 628 185 680 ssum3
196 621 237 668 est
250 614 324 669 enim
336 631 442 668 merum
454 614 560 668 cerebri
572 613 685 667 humani
697 613 867 685 figmentum.
888 612 998 734 Quippe

108 681 170 735 nulls
183 699 224 738 res
243 699 293 738 seu
317 688 444 738 creatura
461 683 516 737 Dei
540 699 591 752 per
614 699 643 736 se
663 682 768 737 idolum
792 686 847 745 cst,
874 683 923 736 sed
940 688 997 735 tae

109 745 247 875 &pliciter
258 752 437 807 accedentem
451 752 543 805 cultus
555 751 738 821 superstitiosi
748 752 912 820 opinionem,
926 766 999 821 quae

111 833 153 872 rou

216 827 245 875 et
262 820 476 876 fundamentum
501 820 531 873 in
552 821 637 875 verbo
663 820 733 885 Dei,
760 827 782 873 1.
800 822 871 889 Rep.
888 823 932 887 12,
951 821 998 871 33.

111 886 311 964 rictor.17‚29.
346 890 431 946 Unde
455 889 539 944 etiam
561 889 638 942 valet
657 890 744 957 aihu,
774 889 847 942 sicut
865 887 999 941 Hortalus

112 955 209 1034 mhunc
227 958 321 1012 locum
346 958 457 1027 scribit,
481 976 509 1028 p.
530 963 595 1012 258:
631 975 720 1026 neque
741 959 771 1010 a'a
795 959 899 1010 mundo
915 957 999 1024 soria

113 1024 199 1079 salua
217 1035 274 1096 cst,
290 1029 344 1080 sed
362 1029 392 1080 ia
411 1029 497 1080 corde
516 1026 635 1080 hominis
653 1028 740 1094 latus,
761 1027 905 1094 omnisque
922 1025 999 1078 ratio

111 1108 168 1146 saco
183 1095 322 1149 lominum
341 1096 472 1163 opinione
492 1095 599 1149 aititur.
634 1096 762 1149 Proinde
779 1096 861 1148 nulla
879 1095 941 1162 ejus
959 1101 1000 1146 est

112 1162 145 1241 ael
159 1163 196 1217 os‘s
212 1167 254 1217 ad
268 1165 516 1233 suamistcoadam,
536 1164 580 1216 cel
596 1165 730 1231 facultas
747 1165 789 1217 ad
803 1163 999 1232 polluendum,

112 1231 212 1286 sator
251 1234 372 1286 asterius
386 1234 475 1302 plane
490 1249 547 1302 per
565 1234 696 1285 accidens
720 1232 835 1288 eveniat.
877 1232 955 1287 Siout
972 1236 1001 1284 et

113 1311 169 1353 nunc
183 1303 229 1354 nul
280 1301 322 1354 vis
347 1309 389 1356 est
414 1300 638 1370 circumcisionis,
666 1302 741 1355 unde
767 1301 802 1356 de
829 1317 862 1355 ea
886 1300 1000 1354 dicitur:

114 1367 169 1422 uls
183 1369 258 1439 nihil,
279 1369 346 1423 Gal.
367 1375 392 1434 5,
412 1374 430 1423 6
448 1374 476 1425 et
494 1387 517 1423 o.
536 1373 562 1436 6,
583 1374 625 1423 15.
664 1370 797 1423 Chemait.
816 1376 885 1439 part.
904 1375 928 1425 2.
948 1369 1000 1421 loc.

113 1432 176 1492 thal
201 1440 236 1492 de
259 1438 292 1492 L.
313 1439 349 1492 1).
367 1457 394 1509 p.
418 1445 473 1494 104.
516 1438 592 1492 Hinc
620 1455 687 1518 ergo
713 1456 762 1493 nos
786 1456 843 1493 non
866 1438 1009 1492 habemus·

113 1499 194 1560 ἔιδωλα
211 1507 261 1563 sed
279 1507 392 1568 εἰκόνας.
419 1507 498 1562 Conf.
517 1509 632 1564 Erasm.
651 1506 789 1562 1'n‘l.00r.
800 1526 827 1587 p.
842 1512 900 1563 481.
929 1506 1001 1560 Ger·

113 1569 171 1627 bord
185 1576 212 1630 in
229 1577 302 1630 conf.
324 1577 423 1632 cathol.
445 1578 463 1630 l.
482 1583 506 1632 2.
525 1582 577 1630 art.
598 1583 637 1630 10.
657 1594 680 1630 c.
697 1583 721 1631 4.
746 1576 781 1630 de
802 1593 887 1647 imag.
907 1574 1001 1629 Senot.

114 1637 208 1713 tart„
226 1646 331 1699 Maian.
351 1655 423 1716 part.
444 1651 467 1700 2.
488 1645 589 1715 philos.
606 1644 678 1699 sobr.
697 1651 764 1699 sect.
784 1649 804 1699 l.
828 1662 851 1699 c.
871 1651 894 1699 2.
913 1663 941 1715 q.
963 1649 1001 1698 13.

113 1723 134 1775 p.
148 1716 196 1768 us.
230 1715 344 1768 ancm.
364 1715 394 1768 in
402 1713 565 1768 Antikeller.
584 1719 603 1768 t.
622 1720 647 1770 2.
665 1713 685 1769 f.
704 1719 763 1769 694.
798 1713 899 1768 Confer
918 1713 1002 1768 etiam

114 1791 180 1848 ulpia
196 1801 220 1854 q.
242 1787 282 1837 30.
302 1787 330 1836 ct
347 1782 463 1837 inferius
482 1800 509 1854 q.
528 1783 582 1849 41.)

113 1893 152 1962 40.
191 1903 287 1980 Quem
307 1924 379 1966 uero
401 1903 435 1965 ia
456 1903 667 1966 controuersia
688 1902 745 1965 bac
767 1903 878 1964 statuis
898 1904 1004 1964 obser-

392 1990 527 2053 vandum
548 1987 699 2050 modum?

182 2091 206 2154 1.
228 2087 343 2155 Statuo
373 2109 445 2151 oum
472 2086 514 2152 D.
536 2086 680 2150 Luthero
710 2097 782 2150 ante
811 2086 918 2150 omnia
946 2109 1005 2172 per

113 2170 224 2238 verbum
244 2173 310 2238 Dei
340 2196 379 2237 cx
400 2171 514 2236 animis
541 2171 707 2234 hominum
733 2170 946 2236 idololatriam
973 2182 1006 2235 et

97 2270 205 2333 ⁸pravas
228 2258 470 2344 superstitiones
493 2256 658 2320 eruendas.

182 2344 207 2408 2.
230 2342 267 2409 Si
289 2365 371 2426 quae
385 2353 507 2406 restant
528 2341 694 2426 imagines,
717 2363 790 2405 oum
811 2340 1004 2406 offendiculo

115 2426 291 2512 conjunctae,
328 2427 496 2492 autoritate
528 2427 732 2511 magistratus
765 2436 797 2489 et
828 2425 1005 2504 ministerii,

115 2521 251 2577 assensu
271 2512 435 2589 ecclesiae,
460 2512 671 2596 abrogandas.

132 2672 139 2685 .
184 2598 209 2662 3.
228 2597 384 2680 Reliquas
405 2619 482 2661 vero
504 2608 657 2680 tanquam
683 2594 1005 2660 commonefactiones

115 2668 258 2748 hutorioas
280 2683 381 2746 libere
402 2682 538 2745 retinere
559 2703 662 2766 posse.

141 2857 146 2870 ,
171 2799 294 2859 (Errant
311 2799 397 2870 igitur
416 2797 646 2865 Carolstadiaac',
665 2797 714 2869 qui
731 2796 786 2849 ima
808 2796 866 2850 'nes
886 2811 920 2850 ex
936 2800 1006 2848 tem·

115 2854 160 2976 311⁸
177 2865 327 2924 deturbant
365 2866 436 2923 Vide
454 2868 568 2921 Latber.
591 2868 620 2920 in
644 2884 667 2921 c.
690 2873 712 2921 1.
730 2864 787 2918 Mic
835 2869 854 2918 t.
875 2872 899 2920 4.
926 2863 1005 2919 latin.

129 2941 169 3002 ,θα
186 2935 203 2990 f.
223 2945 280 2994 534.
300 2938 328 2993 b.
352 2953 408 3006 seq.
431 2935 479 2989 ubi
504 2953 560 2990 non
586 2936 675 2991 solum
698 2932 867 3000 barbariem,
892 2932 942 2987 sed
966 2933 1007 2985 in-

117 3007 331 3086 ⁸1g1lerrrquoque
348 3003 522 3059 inscientiam
538 3005 661 3074 judicat,
683 3003 757 3073 quod
777 3002 807 3055 in
827 3000 920 3054 multis
938 3001 1007 3056 locis

117 3067 187 3123 coam
201 3073 299 3130 Christr
323 3081 352 3128 et
373 3073 560 3142 apostolorum
579 3074 714 3145 imagines
739 3070 799 3123 sine
816 3069 974 3126 discrimine
991 3087 1007 3124 e

119 3129 213 3207 templi„
234 3146 340 3214 ejectae
359 3143 423 3196 sint.
466 3141 535 3206 Quis
558 3143 631 3197 enim
652 3157 707 3195 non
725 3139 816 3207 videt,
840 3140 915 3211 quod
934 3139 1007 3193 sicut

118 3210 169 3255 ⁸¹40
182 3219 290 3278 peccato
308 3211 371 3282 piae
388 3210 527 3274 historiae,
545 3211 629 3265 etiam
647 3226 710 3264 oum
729 3208 824 3262 fructu
841 3208 1007 3270 auditorum,

119 3270 250 3362 mitantur
272 3281 309 3336 ad
331 3281 406 3335 hunc
426 3280 554 3364 modum,
578 3283 693 3367 propter
716 3277 800 3332 rudes
823 3277 906 3331 etiarn
928 3277 1008 3347 pingi
