2250 3772
448 111 501 175 De
524 133 584 174 usu
604 110 695 196 legis.
965 109 1027 175 153

153 271 466 404 Magraduffluem
485 278 531 335 lex
549 279 678 350 requirit,
707 294 790 349 quem
815 295 958 350 nunquam
981 278 1027 332 hic

150 356 363 472 midan
380 347 696 497 ugindittititti
709 348 1028 470 titiitdtt'tiit

150 477 209 539 diist
240 484 293 542 Vel
316 492 342 540 5.
362 485 397 539 de
414 483 585 556 perfectrone
604 489 741 556 patrum,
764 501 816 554 per
835 484 918 539 fidem
937 484 1026 553 impu·

147 551 191 607 itta
221 552 273 610 Vel
297 553 419 625 denique
443 560 467 608 t.
492 554 527 608 de
543 560 734 608 consummata
758 553 928 624 perfectione
951 553 1027 607 vitae

144 613 232 680 futures
269 624 374 678 Nec2.
393 624 562 690 obstantes,
601 637 654 676 uae
692 621 733 676 ios
753 628 812 676 toto
832 621 915 676 corde
933 622 1027 677 Deum

142 697 224 746 mame
244 695 390 747 testantur.
427 691 510 744 Idem
534 639 602 748 ibidq.
621 690 651 745 C.
672 640 709 744 f).
754 691 826 746 Nam
854 692 884 743 τὸ
910 707 943 744 ex
968 696 1027 743 toto

138 759 200 816 eorde
221 777 238 816 o
258 759 371 842 ponitur
389 765 519 815 externae
537 758 705 814 simulaticm
719 764 752 833 et
770 758 789 812 h
848 758 920 826 crisi,
938 759 967 812 in
979 776 1027 828 pe·

135 823 212 883 aduri
289 845 327 883 ua
344 828 511 883 obedientia.
556 827 659 883 Confer
684 831 710 883 2.
731 830 792 881 Par
826 831 898 896 .12,
916 829 962 882 33.
983 831 1026 882 38.

86 926 88 931 ·
129 888 177 949 Noe
201 903 225 954 3.
249 846 342 952 virtut
367 901 391 951 1.
415 897 521 951 Jonas.
539 902 571 965 5,
595 900 622 954 3.
664 895 863 950 Bellorminua
885 896 911 949 d.
930 895 948 949 l.
974 895 1026 950 col.

128 962 189 1022 1⁰41.
206 966 240 1022 B.
286 965 424 1020 Mandata
450 965 524 1020 enim
540 965 594 1020 Dei
617 964 715 1037 gravia
738 982 794 1019 non
820 970 886 1018 sunt
908 965 1032 1032 renatis,-

124 1029 144 1082 1-
159 1035 250 1106 quoad
266 1034 479 1104 imputationem
498 1035 535 1088 im
555 1033 666 1089 letionis
687 1033 798 1087 Christi.
832 1039 857 1088 2.
869 1033 968 1098 Quoad
985 1033 1026 1087 in·

115 1093 295 1160 motionem.
344 1108 367 1156 3.
397 1101 497 1166 Quoad
545 1102 644 1172 piritus
674 1119 695 1155 s.
723 1102 839 1155 ductum
865 1106 1027 1172 sequuntur.

107 1162 173 1223 Nec
195 1178 221 1227 4.
239 1173 332 1226 obstat
349 1171 447 1227 Marc.
466 1175 492 1238 9,
511 1175 557 1226 23.
592 1170 723 1227 Credenti
742 1170 815 1224 enim
833 1171 925 1224 omnia
942 1169 1027 1240 possi-

105 1227 188 1309 bilis,
204 1257 264 1295 non
281 1240 410 1295 absolute
428 1246 457 1295 et
474 1239 523 1294 sim
545 1240 649 1306 liciter,
672 1239 722 1294 sed
741 1239 894 1294 secundum
911 1239 1027 1293 verbum

96 1294 177 1377 Dei,
199 1315 338 1392 quatenus
365 1308 395 1362 id
418 1257 561 1378 possibissa
583 1308 677 1363 tradit.
712 1307 775 1362 Hoc
792 1313 898 1370 autem,
923 1307 1028 1362 homini

91 1380 186 1449 ¹ilar-o
203 1376 406 1447 impossibilem
426 1393 486 1431 esse
503 1377 574 1449 legis
591 1376 791 1447 impletionem,
810 1377 911 1442 docet.)

394 1496 459 1560 DE
481 1495 576 1562 USU
597 1494 747 1562 LEGIS.

86 1591 129 1660 7·
161 1606 289 1685 Quodsi
308 1607 404 1690 iqitur
431 1607 479 1671 lero
502 1631 523 1669 a
544 1610 663 1672 nemine
683 1608 808 1690 impleri
826 1618 934 1692 potest,
959 1609 1027 1688 quis

281 1702 326 1756 est
346 1712 421 1754 usus
439 1704 677 1776 praeceptorum
703 1691 861 1776 deoaloqi?

195 1799 409 1865 Potissimum
423 1802 552 1885 triplam
577 1802 604 1863 1.
621 1811 768 1863 coercent
782 1809 914 1863 externa
933 1797 1029 1862 disci-

86 1874 202 1954 Iffina
217 1894 438 1961 nomenatus,
455 1908 496 1949 ne
515 1884 673 1949 exteriora
687 1883 805 1948 delicta
821 1883 1026 1948 committant.

99 2043 122 2091 ι
155 1983 358 2121 TiQu⁰1⁵⁰i¹3⁰
375 2000 430 2040 non
445 1986 536 2055 justo,
555 1985 605 2040 sed
622 1983 728 2054 injusto
747 1984 792 2038 lex
809 1982 900 2054 posita
919 1982 1028 2047 dicitur,

124 2081 134 2093 ·
182 2071 229 2108 sm.
267 2093 275 2120 ,
313 2091 321 2106 .
822 2074 826 2083 “

198 2156 229 2220 2.
258 2153 444 2221 Ostendant
464 2166 611 2241 peccata,
641 2176 678 2218 ac
699 2154 841 2219 revelant
862 2154 942 2218 iram
964 2154 1029 2218 Dei

111 2232 266 2304 ¹’dvorsus
295 2250 444 2325 peccata,
476 2249 511 2302 ut
532 2238 607 2303 inde
634 2239 777 2316 excitati,
809 2239 1029 2304 remissionem

118 2331 319 2396 remotorum
346 2337 378 2391 et
404 2323 655 2388 consolationem
682 2325 832 2389 adversus
862 2325 943 2388 iram
964 2324 1029 2388 Dei

123 2411 156 2464 et
176 2421 310 2474 mortem
335 2419 514 2486 aeternam,
541 2409 576 2472 in
598 2407 727 2474 Christo
756 2410 839 2474 Jesu
863 2407 1029 2474 Salvatore

129 2502 222 2559 nostro
266 2515 446 2559 uaeramus.
613 2494 618 2504 '

202 2581 230 2646 3.
250 2650 253 2663 ,
287 2589 381 2643 ocent
403 2600 486 2663 quae
506 2578 570 2642 sint
591 2579 677 2642 bona
698 2600 811 2664 opera,
833 2601 853 2643 a
873 2576 1030 2643 credenti-

136 2649 182 2723 bus
207 2675 235 2728 et
262 2663 400 2741 renatis,
429 2663 470 2726 ad
497 2663 712 2727 obedientiam
740 2677 772 2727 et
802 2662 1030 2748 gratitudinem

143 2757 210 2811 turm
229 2771 306 2834 erga
323 2748 563 2812 misericordem
583 2760 708 2833 patrem
726 2748 760 2810 in
779 2747 877 2812 coelis
898 2747 1030 2811 demon-

144 2832 278 2897 surdam
298 2833 500 2919 praestanda.

193 2946 305 3012 (Primus
329 2950 418 3022 igitur
440 2966 508 3004 usus
530 2954 573 3004 est
593 2949 739 3018 politicus,
768 2945 954 3018 disciplinaris
980 2965 1030 3003 seu

86 3056 87 3081 ,
147 3015 332 3128 chicus.
377 3018 539 3086 Secundus,
572 3018 746 3089 theologicus
775 3017 805 3070 in
821 3085 827 3098 ι
832 3015 1030 3088 justificandis.

86 3143 87 3153 χ
165 3087 427 3165 cnns,theologious
455 3087 484 3141 in
506 3084 676 3156 justificatis.
719 3086 890 3140 Posteriores
919 3085 974 3140 duo
1000 3086 1032 3139 in
1064 3123 1069 3128 -

86 3198 87 3208 ,
150 3152 236 3215 *Μία
251 3155 445 3212 ecclesiasticis
464 3154 608 3210 Hassiacis
633 3161 789 3226 ponuntur,
811 3170 928 3226 quorum
945 3154 1033 3210 verba
