2250 3772
246 248 301 315 De
321 249 565 316 manducatione
586 248 800 336 indignorum.
918 248 982 316 579

63 416 120 483 61.
166 418 324 484 ›Statuisae
344 423 440 505 ipitur·
461 423 552 485 etiam
573 423 612 485 ab
633 421 769 505 indicatis
790 444 827 485 ac
848 421 983 485 incredu-

80 504 123 567 tis
142 525 254 588 corpus
276 516 305 569 et
326 508 506 590 sanquinem
519 505 653 568 Domini
670 507 703 568 in
719 527 812 568 coena
826 503 970 590 percepi?

156 600 299 669 Omnino
320 603 367 668 sic
390 615 503 672 statuo.
537 601 625 684 Quia
647 604 981 672 laressemensi

64 687 237 774 integritas
266 700 298 753 et
323 689 502 754 substantia
521 712 588 754 non
609 688 768 776 dependet
796 713 816 754 a
835 690 898 756 fide
928 713 982 755 su-

63 773 200 852 mentis,
232 774 291 839 sed
324 797 344 838 a
369 774 502 840 veritate
532 774 747 854 instituentis,
777 775 823 840 sic
852 797 981 862 quoque

68 858 295 924 incredulitate
323 858 460 925 hominis
488 860 650 925 immutari
670 871 726 925 aut
745 861 892 926 evacuari
916 884 982 925 non

63 953 243 1108 pomadluia
268 1028 299 1093 2.
320 1027 443 1093 Paulus
466 1028 584 1094 diserte
606 1029 700 1107 dicit,
729 1029 878 1116 indignos
906 1051 979 1094 reos

64 1111 140 1177 fieri
160 1110 239 1196 (non
260 1113 480 1198 symbolorum
500 1114 592 1200 panis
615 1114 749 1200 etvini,
773 1115 844 1197 sed)
867 1137 981 1201 corpo-
1092 1158 1095 1163 -

63 1196 113 1263 ris
133 1197 298 1284 sanguinis
319 1196 449 1286 Christi,
472 1201 500 1267 1.
521 1201 592 1267 Gor.
614 1202 666 1277 11,
688 1200 739 1266 27.

138 1314 231 1382 (Ratio
253 1322 276 1372 l.
294 1331 313 1370 a
330 1321 482 1386 comparat.
501 1315 580 1372 simil.
621 1323 645 1371 2.
663 1317 692 1370 A
709 1315 867 1370 testimonio
885 1314 979 1369 divino

66 1385 198 1455 apostoli.
237 1383 296 1442 Ubi
317 1393 386 1439 coto
411 1392 432 1442 1.
448 1384 569 1454 Beatus,
593 1386 673 1456 cujus
686 1384 812 1439 meminit
829 1384 981 1455 apostolus,

64 1469 127 1508 non
147 1459 189 1507 est
206 1453 297 1524 ipsum
312 1453 459 1523 judicium,
481 1454 531 1508 sed
552 1459 593 1509 est
610 1454 714 1508 crimen
733 1452 817 1521 illud,
836 1470 892 1524 quo
904 1453 980 1523 judi-

63 1521 143 1577 cium
159 1522 316 1580 attrahitur.
357 1529 380 1577 2.
394 1522 462 1592 Res,
480 1539 537 1593 qua
552 1529 646 1577 reatus
666 1523 846 1592 contrahitur,
864 1528 980 1577 nonest

65 1588 160 1645 solum
182 1591 264 1660 panis
291 1595 320 1645 et
344 1591 454 1660 vinum,
481 1592 530 1645 sed
554 1608 655 1662 corpus
680 1597 709 1646 et
728 1591 842 1662 sanguis
858 1590 981 1656 Domini,

61 1677 92 1715 v.
112 1665 157 1715 27.
193 1665 217 1714 3.
235 1659 350 1727 Modus,
376 1676 432 1731 quo
449 1659 600 1715 attrahitur
617 1665 726 1724 reatus,
749 1660 874 1714 consistit
893 1661 922 1714 in
938 1661 980 1714 in·

61 1726 153 1799 digna
172 1728 280 1782 edendo
296 1734 325 1782 et
344 1728 480 1784 bibendo:
501 1729 627 1801 quisquis
643 1729 745 1783 ederid
763 1737 813 1782 ata.
833 1736 861 1784 et
880 1729 980 1782 biberit

61 1804 117 1852 ste.
136 1795 177 1850 sic
193 1799 229 1850 dc
240 1814 319 1867 puae
335 1797 404 1851 edat
421 1805 472 1854 etc.
490 1816 517 1852 v.
536 1804 578 1854 28.
618 1797 673 1861 Qui
692 1797 766 1852 enim
791 1799 850 1851 adit
867 1805 893 1850 at
912 1796 981 1851 bibit

61 1863 182 1935 indigna
200 1871 252 1920 etc.
276 1882 302 1919 v.
321 1871 363 1922 29.
398 1868 510 1920 Errant
538 1866 624 1938 igitur
643 1865 818 1933 Calviatam',
842 1866 890 1937 qui
907 1865 982 1919 indi-

64 1950 141 2006 gnos
158 1949 214 1988 non
232 1950 332 2005 corpus
350 1941 379 1988 et
395 1935 559 2006 sanguinem
577 1933 690 2003 Christi,
706 1934 756 1989 sed
769 1950 846 1989 mera
864 1941 892 1989 et
902 1935 980 1988 nuda

65 2001 196 2073 symbola
213 2003 294 2084 panis
311 2009 340 2057 et
356 2003 414 2057 vini
431 2004 574 2075 percipere
592 2004 622 2057 in
638 2020 725 2058 coena
741 2007 877 2057 assenmt.
913 2002 978 2057 Cal-

61 2072 121 2126 virs.
139 2070 195 2127 tt.
211 2071 298 2126 mstit.
315 2088 338 2126 c.
356 2078 396 2128 14.
408 2091 430 2128 s.
445 2079 485 2130 15.
499 2089 575 2194 1³⁸er
583 2078 643 2129 831.
667 2074 746 2125 Bosa
763 2070 798 2127 ds
815 2088 891 2126 coen.
905 2071 978 2127 dom.

63 2144 154 2194 contr.
173 2140 303 2221 Westph.
322 2147 342 2196 t
359 2148 380 2196 1.
397 2158 425 2211 p.
437 2146 497 2197 247.
575 2141 626 2194 sia.
645 2141 773 2211 explicat
792 2139 899 2198 catech.
911 2157 978 2212 pag.

62 2214 183 2279 591seq.
201 2209 260 2265 Ubi
273 2209 345 2263 nabat
359 2217 407 2278 cst,
419 2210 494 2280 quod
507 2208 649 2279 excipiunt
664 2215 687 2264 1.
697 2209 819 2281 indignis
827 2207 888 2264 lieri
902 2209 977 2280 inde,

62 2276 144 2348 quod
162 2278 290 2347 symbola
306 2279 518 2333 sacramentalia
535 2295 592 2332 non
610 2278 773 2349 dijudicent.
802 2278 867 2334 Vid.
883 2279 977 2332 Ursin.

62 2344 140 2427 expl.
149 2345 253 2402 catech.
262 2364 291 2418 p.
301 2352 358 2402 593.
376 2347 488 2402 Diserte
498 2346 609 2402 enimin
628 2347 671 2401 uit
679 2351 828 2417 apostolus,
837 2348 913 2418 quod
921 2365 978 2402 non

61 2412 222 2484 diJudicent
241 2432 344 2484 corpas
355 2415 476 2469 Domina·
485 2433 512 2472 v.
526 2422 566 2472 29.
627 2418 650 2470 il
668 2417 743 2488 quod
762 2416 859 2471 dicunt
876 2422 900 2473 2.
911 2432 978 2487 apo·

61 2484 167 2537 stolum
185 2500 242 2538 non
259 2500 390 2550 asserere,
408 2483 470 2538 illos
487 2484 569 2539 edere
587 2491 616 2539 et
633 2483 729 2540 bibere
748 2501 850 2555 corpus
868 2488 897 2540 et
914 2502 977 2539 san·

61 2550 179 2625 guinem
196 2551 319 2621 Domini,
338 2553 389 2606 sed
408 2552 444 2606 de
459 2569 534 2623 pane
553 2559 581 2608 et
598 2553 671 2622 rino,
690 2571 716 2609 v.
735 2559 776 2608 29.
822 2554 913 2607 Uraa'a
932 2570 977 2608 ex-

61 2618 131 2693 plic.
152 2610 257 2676 catech.
274 2639 302 2691 p.
324 2627 381 2677 594.
425 2621 564 2692 Loquitur
590 2622 663 2678 enim
687 2622 722 2676 ds
743 2637 817 2692 pane
833 2623 899 2691 hoc,
927 2622 977 2693 qui

62 2690 304 2747 sacramentaliter
321 2696 363 2745 est
381 2706 481 2761 corpus
493 2689 604 2758 Christi,
623 2693 681 2746 sive
693 2690 906 2747 communicatio
917 2707 976 2745 cor·

60 2756 148 2882 poris,
165 2764 193 2812 et
212 2759 247 2813 de
261 2760 313 2812 boc
327 2758 437 2828 poculo,
474 2759 530 2814 uod
548 2765 591 2814 est
607 2759 820 2814 communicatio
834 2759 977 2830 sanguinis

87 2825 175 2880 hrist‘n
213 2828 274 2881 Nec
291 2828 381 2881 obstat
402 2833 423 2884 1.
480 2845 516 2881 on
533 2829 649 2898 potestis
672 2828 787 2883 calicem
804 2828 917 2884 Domini
935 2827 977 2882 bi·

61 2894 134 2952 bere
151 2900 179 2949 et
197 2895 313 2950 calicem
332 2897 548 2965 daemoniorum,
567 2901 591 2950 1.
605 2896 667 2951 Cor.
678 2901 722 2967 10,
740 2900 785 2954 21.
808 2898 900 2951 Ursia.
919 2896 945 2949 d.
957 2896 976 2952 l.

62 2979 94 3036 p.
113 2970 173 3020 592.
207 2963 345 3036 Loquitur
362 2965 436 3020 enim
452 2965 492 3019 ibi
515 2966 550 3020 de
568 2964 731 3033 Corinthiis,
748 2965 795 3036 qui
812 2964 977 3035 idolothytis

62 3031 264 3103 vescebantur,
292 3039 320 3089 et
343 3033 424 3088 simul
448 3034 598 3106 participes
620 3034 681 3089 fieri
705 3034 837 3089 volebant
862 3050 976 3088 mensae

65 3101 238 3170 dominicae,
261 3101 291 3154 id
309 3102 384 3174 quod
402 3103 479 3157 salva
495 3103 552 3157 fide
572 3111 599 3158 et
616 3102 712 3157 illaesa
729 3102 900 3157 conscientia
916 3102 976 3157 fieri

61 3186 122 3226 non
164 3186 226 3224 osse
244 3172 386 3241 apostolus
408 3171 507 3226 innuit.
548 3171 642 3243 Atque
665 3171 704 3225 sic
723 3171 846 3242 loquitur
870 3172 904 3227 de
925 3171 976 3225 im-

61 3188 249 3320 possibilitate
266 3240 352 3310 juris,
375 3257 431 3294 non
452 3241 529 3298 facti.
570 3241 611 3294 At
631 3239 699 3310 quid
717 3239 770 3294 hoc
791 3241 828 3295 ad
845 3240 977 3311 indignos

62 3323 199 3366 convivas
221 3325 337 3380 coenae,
369 3309 405 3364 de
429 3309 530 3381 quibus
552 3308 659 3364 Paulus
684 3314 708 3363 1.
728 3309 792 3363 Gor.
815 3313 858 3379 11,
875 3311 913 3363 27
935 3310 976 3363 di·
1051 3346 1054 3351 «

764 3403 809 3434 ,ΠΗ
