2250 3772
24 240 28 256 '
119 244 184 311 194
257 243 365 329 Caput
386 244 430 308 ΙΙ.
473 243 526 308 De
548 242 695 329 symbolo
718 190 905 330 apostilioo.

121 415 151 479 3.
175 412 216 478 In
238 411 337 479 veteri
366 412 587 478 commendata
611 421 735 477 tantum
756 413 910 479 Abrahae
934 422 1003 481 eis

120 497 199 564 mini
221 500 307 585 ejus,
335 497 456 598 populo
477 520 592 599 nempe
613 496 810 600 Israelitioo,
836 500 856 582 (
858 500 1003 567 ordinari

120 584 314 744 ῗῖαφῖΐὲῗὲἐζ
334 607 382 733 ὃ
389 605 473 648 novo
496 582 644 647 omnibus
658 585 810 669 gentrbus
822 582 1003 672 promulgat

190 766 283 834 (Ratio
301 767 430 837 paritatis
447 768 565 822 sumitur
582 767 619 822 ab
637 768 735 823 eodem
760 767 873 840 objecto
890 768 1003 827 dosnin

120 836 307 907 evangelicae.
334 836 418 891 Ratio
439 837 612 908 disparitatis
631 842 653 892 l.
666 836 701 892 ab
723 837 857 919 adjuncto
874 838 1003 894 manifest

119 904 202 980 tionis
225 906 308 959 modo
333 905 451 960 diverso.
489 912 512 960 2.
530 907 558 959 A
576 905 703 976 subjecto
724 923 769 960 our
787 905 882 976 faeta,
898 912 928 962 et
945 906 1003 961 din

118 973 239 1045 gationis
256 973 397 1028 varietate.
428 975 505 1029 Bene
523 975 714 1042 Anynats'noa:
732 976 830 1044 qratia
845 975 914 1030 novi
929 974 1003 1029 irutr

118 1042 204 1096 menti
214 1043 245 1095 in
257 1043 317 1111 leye
328 1043 480 1104 velabatur,
505 1044 536 1095 in
549 1044 693 1111 eoanyols'o
706 1043 856 1112 revelatur,
873 1045 904 1097 in
913 1042 963 1100 Ps.
974 1048 1003 1099 Μ

119 1117 139 1168 t.
158 1115 182 1166 8.
208 1110 260 1164 ool.
282 1115 355 1166 1653.
374 1111 408 1166 Β.
446 1111 524 1174 Quid
546 1112 620 1165 onim
643 1111 709 1166 lon?
738 1114 820 1166 ann
839 1113 927 1167 elimn
948 1128 1003 1185 pra

116 1180 288 1236 nunciatum.
305 1176 804 1251 Quideoanyelinm‘?Lenoompleta,
834 1181 919 1235 nstin.

118 1248 262 1303 orthodox.
284 1254 340 1302 101.
364 1253 431 1306 torn.
451 1255 474 1304 3.
498 1266 525 1331 p.
544 1254 603 1303 457.
620 1249 653 1305 Β.
690 1250 728 1304 In
747 1249 803 1302 icta
820 1251 908 1309 servi,
931 1268 961 1303 sn
977 1250 1003 1302 ln

112 1332 253 1386 praesens
271 1318 413 1370 Dominus
429 1318 564 1386 loquitor.
599 1319 648 1371 Ibi
660 1317 851 1387 promittitror,
870 1318 917 1373 ln'o
933 1315 1003 1440 ing

117 1395 181 1454 inm
200 1385 242 1439 ibi
252 1385 344 1450 initio,
361 1386 406 1439 hio
418 1387 571 1455 perfectio,
589 1387 671 1441 Hier.
683 1386 732 1442 lib.
746 1392 767 1440 1.
777 1386 844 1443 dial.
857 1386 921 1441 adv.
933 1386 973 1441 Pe

116 1460 172 1510 ta.
190 1472 218 1525 p.
228 1459 286 1510 274.
295 1453 329 1509 D.
346 1454 410 1509 vide
430 1472 515 1525 supra
535 1455 571 1508 de
589 1471 669 1510 saera
686 1454 839 1526 Scriptura,
858 1460 1003 1527 quaesta]

117 1574 146 1639 9.
182 1572 343 1652 Quaenam
363 1595 432 1636 vero
456 1585 500 1636 esi
521 1576 600 1637 inter
623 1576 723 1658 ipsam
745 1576 838 1660 Zeqem
860 1588 889 1640 et
907 1595 1003 1661 evang)

245 1659 328 1741 linm,
344 1659 475 1744 proprie
498 1660 540 1721 sie
562 1662 687 1735 dictum,
709 1659 920 1743 differentia?

201 1758 384 1844 Multiplex.
406 1757 570 1822 Differunt
582 1760 610 1825 1.
623 1762 742 1822 diverso
754 1762 880 1823 notitiae
891 1772 920 1824 et
930 1780 1003 1843 soon

9 1836 11 1841 Α
117 1846 209 1908 tionis
229 1849 336 1910 niodo:
359 1843 412 1907 lex
434 1843 581 1907 omnibus
603 1843 785 1906 hominibus
807 1843 842 1906 in
866 1844 1003 1929 primae*

115 1928 275 1993 creatione
294 1929 459 2015 impressa,
482 1939 513 1991 et
527 1927 572 1991 ita
587 1939 700 1991 natura
712 1938 799 2013 nota,
821 1931 914 1995 Rom.
931 1927 999 2005 ‘al

114 2025 174 2079 eto.
195 2016 222 2091 1,
236 2015 284 2080 19.
315 2012 529 2099 Evangelium
543 2035 619 2077 vero
631 2024 680 2076 est
689 2012 879 2098 mysterium
893 2012 1003 2077 absool

115 2098 218 2162 ditum
239 2122 258 2162 a
279 2098 405 2183 seculis,
427 2100 501 2164 Joi.
525 2098 555 2174 1,
578 2099 634 2172 18;
657 2099 751 2162 Rom.
776 2098 826 2174 16,
846 2098 899 2165 25.

185 2213 267 2279 (Dioo
293 2214 384 2285 legem
411 2220 505 2268 notam
531 2222 650 2282 notura,
675 2213 807 2285 quoniam
831 2213 932 2268 notitia
954 2213 1003 2282 leg

113 2280 168 2335 fuit
185 2281 221 2335 in·
232 2281 329 2352 primis
348 2282 509 2353 parentibus
526 2287 591 2336 ante
608 2282 718 2352 lapsum
730 2281 862 2353 perfecta.
894 2282 949 2337 Per
965 2280 1003 2344 laj

114 2367 176 2403 sum
188 2356 281 2404 autem
292 2351 374 2404 nimis
384 2352 540 2419 obscurata,
553 2368 712 2421 quanquam
720 2367 776 2404 non
782 2350 866 2421 plane
877 2349 1003 2406 exstinot·⁴

114 2424 143 2472 et
160 2418 294 2473 haetenus
315 2420 417 2474 dieitur
434 2421 628 2492 quadantenus
646 2423 732 2487 nota.)
968 2436 971 2441 ·

198 2521 362 2586 Differunt
387 2527 416 2589 2.
439 2528 558 2588 diverso
576 2524 796 2607 patefactione
819 2524 939 2586 ordine:
970 2519 1003 2583 le

112 2606 197 2670 enim
217 2609 389 2692 praecedit,
411 2609 613 2707 evangelium
634 2606 778 2691 sequitur
800 2616 928 2682 natura,
949 2620 1003 2690 pre

110 2691 317 2777 mulgatione,
337 2692 522 2757 ministerio.

181 2801 322 2869 (Natura,
341 2798 407 2870 quia
421 2799 471 2880 Jex
485 2799 615 2852 cordibus
626 2797 760 2878 inscripta
770 2811 778 2864 ς
790 2797 1003 2879 promolqatr'orr

109 2869 227 2938 solenni,
246 2869 312 2939 quia
322 2867 368 2922 lex
386 2884 462 2937 prior
478 2868 669 2938 promulgata;
688 2873 852 2934 monisterio,
869 2867 961 2937 quial

109 2938 293 2992 ministerium
311 2943 354 2992 est
372 2951 505 2990 accusare
523 2941 551 2990 et
562 2936 689 2991 morbum
701 2934 863 3003 ostendere,
883 2880 1003 3006 evauffi

111 3013 154 3061 est
170 3006 314 3062 absolvere
332 3010 361 3059 et
378 3004 490 3059 mederi
525 3003 601 3058 Illud
617 3003 771 3070 antecedit,
790 3000 843 3057 hoo
861 3004 998 3076 sequitu>

193 3108 358 3173 Differunt
378 3110 407 3173 3.
433 3132 527 3171 conso
550 3109 752 3170 administro:
782 3105 836 3170 lex
856 3106 942 3171 enim
962 3126 1003 3192 pe:

102 3191 246 3363 {elyseo
255 3194 371 3343 lr71ats,¹
403 3191 507 3278 gratia
537 3214 596 3276 per
627 3189 790 3255 Christum
821 3203 933 3257 exorta
960 3200 1003 3256 est
