2250 3772
319 234 491 301 Decimum
511 245 726 321 praeceptum.
815 273 819 281 -
916 232 977 298 147

10 455 23 537 {²
98 472 244 539 cupiscentia
266 473 346 529 nobis
373 473 475 545 ignota.
537 471 649 527 Delicta
679 471 741 553 quis
767 472 855 527 intelli
878 473 898 527 't
924 478 978 528 otc.

10 548 16 557 '
95 533 229 613 tratura
242 547 285 598 13.
323 548 347 596 2.
365 542 393 595 Α
410 540 473 610 fine,
494 541 542 613 qui
561 547 610 609 est,
630 545 662 594 ut
679 546 716 595 srt
732 557 830 595 norma
848 558 864 594 ο
885 541 978 596 edien-

11 350 37 619 ''l'
100 398 127 451 1111
141 400 231 473 ignota,
249 425 266 459 s
283 404 365 459 claris
383 410 412 458 et
428 402 583 475 perspicuis
601 404 637 456 ad
655 401 822 458 obscuriora„
851 403 897 458 ‘At
914 421 978 459 con-

92 606 275 666 messueris
293 627 362 683 erga
379 619 529 681 praecepta
547 610 675 681 reliqua.)

10 622 19 819 i
109 726 152 795 96.
183 732 265 810 Quid
281 755 383 817 porro
404 735 437 796 in
465 733 521 796 loc
547 733 635 794 nobis
650 743 818 814 praecepto
840 732 956 798 decim

409 815 627 901 praecinitur?

155 937 199 1002 Ut
219 956 363 1011 uxorem,
385 956 493 999 servos
516 946 548 999 et
567 932 697 997 ancillas
712 932 849 1017 proximi
863 932 979 998 adhor-

74 1016 172 1084 temur
190 1031 221 1085 et
234 1042 417 1121 urgeamus,
438 1031 473 1083 ut
487 1021 521 1083 in
539 1017 646 1083 officio
661 1028 818 1102 maneant,
840 1027 871 1081 et
884 1040 979 1083 suum

71 1097 208 1170 0ffirium
227 1106 399 1191 diligenter
420 1104 547 1169 faciant.

143 1222 198 1283 illst
214 1223 285 1277 hacc
304 1221 451 1292 specialior
469 1221 611 1292 praecepti
630 1221 788 1276 declaratio.
825 1222 857 1274 ln
876 1238 979 1292 genere

66 1292 183 1361 requiro
207 1292 359 1364 genuinam
386 1290 593 1345 inclinationem
619 1306 652 1343 ac
676 1296 800 1343 motuum
821 1288 979 1345 interiorem

63 1361 268 1433 testudinem,
286 1376 320 1414 ac
337 1359 490 1430 perfectam
506 1359 596 1414 cordis
613 1358 809 1413 obedientiam.
837 1357 900 1413 Hae
912 1374 978 1429 ergo

60 1432 182 1484 mrtem
198 1437 227 1483 ct
284 1446 335 1482 era
354 1429 383 1482 in
400 1429 444 1483 his
463 1429 497 1482 de
514 1427 739 1497 concupiscentia
755 1443 855 1497 praece
875 1428 911 1480 tis
930 1445 978 1481 no-

59 1480 113 1569 ῧξι
131 1515 252 1552 commen
273 1504 369 1552 antus:
396 1504 417 1552 1.
438 1496 467 1551 in
491 1513 594 1568 genere
616 1497 840 1566 concupiscentia
855 1445 922 1550 doni
940 1496 978 1551 le-

57 1565 172 1622 gltima.
210 1573 234 1622 2.
254 1565 460 1621 Pertectissima
478 1566 569 1621 cordis
588 1565 702 1618 humani
718 1565 833 1633 puritas.
867 1571 891 1619 3.
911 1565 977 1619 Per-

55 1635 153 1691 Pctus
178 1635 366 1706 cupiditarum
390 1651 539 1705 pravarum
570 1633 753 1690 mortificatio.
811 1641 836 1690 4.
865 1633 979 1688 Solioita

57 1705 160 1758 rtirum
175 1703 296 1774 proximi
313 1720 401 1774 aeque
420 1719 455 1758 ac
472 1701 638 1758 nostratium
656 1707 742 1769 cura.)

204 1824 257 1889 97.
298 1822 384 1901 Quot
406 1836 450 1888 est
465 1825 636 1910 promissio
656 1821 837 1889 eorundem?

150 1942 244 2007 Beati
263 1940 375 2004 mundi
397 1941 501 2026 corde,
522 1939 673 2023 quoniam
692 1939 868 2003 Dominum
890 1941 979 2006 vide-

52 2007 154 2113 bunt,
175 2027 289 2093 Matri.
310 2026 342 2102 5,
363 2026 392 2090 8.

136 2144 225 2213 (Haec
243 2142 330 2213 igitur
346 2142 416 2218 citio
442 2147 470 2197 et
485 2145 605 2223 peccata
620 2140 765 2221 inniisdem
782 2141 977 2210 prohibentur:

56 2202 263 2286 ¹·,i118011010
285 2211 511 2281 concupiscentia
536 2210 680 2290 originalrs
702 2226 804 2279 prava,
831 2227 902 2332 puae
920 2229 977 2265 om-

56 2283 145 2335 nuim
163 2280 300 2335 malorum
317 2279 380 2334 fons
400 2284 448 2333 est.
479 2284 503 2334 2.
522 2277 696 2348 Cuprdrtates
709 2296 801 2334 rerum
816 2296 976 2348 arenarum,

56 2347 167 2411 quihus
186 2365 299 2421 quoquo
318 2349 400 2403 modo
419 2352 515 2402 contra
532 2346 601 2401 haec
619 2354 769 2417 praecepta
786 2348 976 2420 delinquitur.)

110 2470 160 2535 98.
199 2469 286 2547 Quae
308 2471 502 2535 comminatio
524 2480 552 2530 et
568 2490 671 2553 poena
693 2480 738 2532 est
752 2468 935 2533 eorundem?

153 2586 439 2673 Concupiscentia,
461 2585 590 2669 quando
612 2586 774 2672 concepit,
796 2586 880 2673 parit
900 2608 977 2673 pec-

66 2681 182 2758 catum,
203 2682 372 2760 peccatum
393 2692 468 2735 vero
491 2681 634 2755 mortem,
657 2674 728 2738 Jac.
752 2673 781 2747 1,
805 2672 854 2735 15.

142 2790 282 2862 (Exempla
301 2793 450 2844 occurrunt
469 2789 599 2858 utrinque
617 2786 647 2840 in
665 2787 782 2858 singulis
800 2787 977 2858 praeceptis.)

10 2918 12 2925 '
78 2900 129 2969 99.
162 2910 241 2989 Quid
262 2912 438 2975 summatim
460 2908 644 3056 dicipquus
672 2912 709 2972 de
737 2910 783 2970 luis
800 2911 977 2993 praeceptis

442 3015 524 3059 omna
566 3018 580 3056 s

101 3165 109 3180 ·
159 3090 207 3157 Sic
226 3092 321 3158 dicit:
345 3115 406 3179 ego
429 3116 499 3158 sum
520 3094 681 3158 Dominus
703 3095 794 3158 Deus
816 3109 889 3157 tuus
911 3093 977 3158 for-

93 3176 138 3261 }102
153 3178 280 3255 zelotes,
301 3179 432 3244 visitans
461 3178 662 3262 iniquitatem
682 3184 809 3265 patrum
830 3178 863 3241 in
883 3177 977 3256 filios,

97 3271 123 3312 11
138 3261 246 3327 tertiam
274 3276 306 3327 et
332 3274 477 3348 quartam
508 3264 746 3349 generationem
768 3284 893 3350 eorum,
922 3265 978 3348 qui

633 3373 637 3381 ¹
769 3370 812 3415 πο·
