2250 3772
104 239 171 305 516
253 202 256 209 Ι
319 238 427 326 Caput
447 240 506 307 lv.
548 242 600 305 De
621 242 795 329 baptismo.

104 410 156 464 Est
183 409 255 464 enim
277 408 486 475 conditionalis,
511 408 590 464 facts
606 410 659 464 sub
681 410 1009 465 conditionaobserrstas

106 478 330 541 circumcisionis,
350 478 481 532 ordinarii
497 479 714 560 regenerationis
732 481 829 534 medii.
866 480 932 536 Vid
947 480 1008 534 Ges.

106 551 210 614 17,1o.
228 551 272 602 12.
309 547 385 618 Ergo
407 565 463 601 non
486 547 540 601 nisi
560 555 670 602 servata
693 549 856 603 conditione
872 549 927 603 ista
943 547 1007 619 quic·

104 634 192 739 guam
211 616 241 669 in
258 633 318 670 esse
334 616 424 696 ponit.
456 615 532 679 Quid
552 617 628 686 quod
647 634 703 671 non
719 618 769 687 qui
787 617 890 686 carnis,
907 618 954 672 sed
983 616 1006 671 ni

126 685 171 739 dei
188 684 342 738 Abraham1
359 691 425 738 sunt
442 685 607 754 participes,
636 685 761 751 ejusdem
778 688 866 741 etiarn
882 634 1004 751 muttit,

106 757 187 809 Rom.
206 758 232 819 9,
252 757 285 815 8,·
305 754 418 813 Gom,
441 757 462 810 7.
497 755 551 807 Ntt
568 756 660 807 obstat
679 761 703 808 2.
724 755 802 835 quod
821 755 903 809 liberi
918 755 953 809 ob
966 770 1004 823 pt·

106 828 177 877 trem
194 822 240 875 vel
257 828 372 877 matrem
391 820 504 876 fidelem
521 824 612 875 sancti
631 838 692 876 esse
712 824 854 892 drcuntur,
875 828 900 877 1.
920 824 1003 883 dost,

106 896 149 946 14.
177 891 290 943 Parcas
303 891 377 946 lren.
394 907 456 971 cup.
468 896 509 946 28.
523 897 576 944 art.
586 898 612 945 9.
632 896 726 961 pitz
754 892 808 945 Est
826 891 902 947 enim
916 890 1002 947 elensi.

104 960 188 1013 alien.
228 958 300 1021 Quia
328 966 452 1029 quaestro
477 964 535 1027 est,
562 976 599 1013 an
625 959 746 1014 infantes
764 968 832 1015 ante
855 960 1002 1030 baptismm

104 1027 195 1082 sancti
212 1028 384 1081 nascantur?
418 1030 458 1082 At
474 1028 528 1082 hoc
552 1029 694 1098 apostolus
711 1047 769 1084 non
788 1028 873 1098 dicit,
891 1030 938 1085 sed
954 1044 1000 1081 sss·

105 1102 164 1151 ctos
190 1102 299 1149 tantum
324 1113 384 1151 esse
404 1097 510 1152 asserit.
549 1103 572 1152 2.
591 1097 633 1150 Lo
653 1098 729 1150 uitur
747 1099 892 1166 apostolus
910 1098 947 1151 ibi
960 1112 999 1149 non

107 1168 144 1221 de
170 1165 317 1218 sanctitate
335 1165 444 1218 interna
459 1164 540 1233 fidei,
565 1167 613 1220 sed
635 1114 672 1219 de
696 1165 917 1220 sanctificatione
933 1164 999 1220 eccle·

106 1234 227 1302 siastica,
247 1250 318 1303 quae
337 1233 376 1286 nil
394 1234 471 1287 aliud
490 1240 539 1297 est,
558 1251 642 1305 quam
659 1236 857 1306 praerogativa
875 1235 999 1305 quaepiam

105 1308 231 1361 externa,
255 1318 311 1372 qua
335 1302 413 1356 libris
431 1302 652 1357 Christianorum
675 1304 766 1357 aditus
794 1304 832 1357 ad
853 1303 999 1373 baptismum

106 1371 256 1441 proximior
276 1387 359 1440 quam
377 1371 472 1425 liberis
485 1369 638 1426 infidelium
650 1377 727 1426 extra
739 1372 888 1427 ecclesiam
901 1380 942 1427 est
952 1386 999 1425 con

105 1458 207 1508 cessus,
223 1456 265 1507 eo,
284 1455 341 1509 quo
358 1440 443 1508 paulo
462 1447 527 1494 ante
545 1440 610 1508 dixi,
630 1440 721 1508 modo,
738 1440 796 1495 vid.
835 1447 922 1497 uuest
940 1454 998 1509 prae

105 1509 166 1563 ced.
203 1510 264 1562 Nec
282 1510 373 1560 obstat
393 1514 416 1564 3.
436 1508 518 1563 Boot.
539 1512 573 1561 11
580 1545 586 1567 ,
607 1510 650 1564 16.
686 1511 799 1562 Pmcas
816 1460 891 1564 iren.
907 1508 998 1579 allega

104 1593 181 1648 prox.
198 1578 268 1630 loco.
305 1574 357 1629 Est
374 1577 446 1630 enim
467 1581 495 1631 et
514 1577 559 1631 hic
577 1576 681 1631 elench.
702 1578 796 1640 alieni,
815 1578 884 1649 quia
901 1594 955 1632 non
969 1575 1000 1629 di·

104 1648 144 1702 cit
166 1646 309 1727 apostolus
333 1645 455 1700 radicem
472 1651 521 1699 aut
538 1662 630 1699 ramos
650 1653 760 1701 sanctos
778 1646 867 1701 fuisse
884 1653 945 1701 ante
962 1644 999 1699 cir

104 1715 317 1782 comessionem,
333 1731 385 1769 nec
404 1720 426 1769 2.
443 1714 524 1782 dicit,
546 1714 621 1785 quod
643 1714 747 1769 Judaei
769 1716 861 1771 sancti
887 1716 941 1769 sint
953 1729 1001 1784 pro

105 1790 216 1856 pterea,
240 1784 314 1853 quod
338 1800 371 1837 cx
396 1782 500 1836 sanctis
526 1782 692 1853 patriarchis
710 1783 862 1838 carnaliter
875 1784 946 1846 nati,
965 1780 1002 1835 sed

127 1855 183 1908 uod
202 1854 278 1907 Deus
301 1851 437 1921 primitias
459 1852 527 1904 istas
553 1857 581 1906 et
600 1852 723 1905 radicem
740 1851 958 1922 patriarcharum
973 1850 1003 1903 sic

108 1873 249 1988 dilexerit,
277 1926 309 1974 ut
323 1938 357 1974 ex
375 1920 524 1973 eorundem
549 1920 711 1990 posteritate
728 1921 821 1974 adhuc
840 1922 941 1975 multos
958 1922 1004 1989 (ptr

108 1993 224 2046 verbum
248 1990 356 2043 scilicet
380 1996 409 2043 et
436 1994 619 2053 sacramentat
641 1998 800 2044 convertere
819 1995 849 2045 et
866 1988 1005 2045 illuminas

106 2062 181 2115 velit.
218 2060 270 2112 Ntt
289 2060 381 2112 obstat
399 2064 423 2112 4.
443 2059 505 2112 Act.
518 2061 544 2125 2,
559 2060 605 2112 39.
636 2058 746 2115 Calvia.
764 2059 783 2112 l.
796 2065 822 2113 4.
839 2059 924 2115 instit.
940 2075 962 2113 c.
974 2062 1006 2111 16.

108 2147 129 2185 s.
145 2136 183 2183 15.
201 2144 266 2197 pag.
280 2132 338 2182 862.
366 2126 429 2181 Non
450 2125 522 2180 enim
538 2125 676 2195 sequitur:
695 2127 774 2181 vobis
792 2133 822 2180 et
840 2127 905 2181 filiis
922 2123 1005 2181 vmtrn

106 2196 184 2251 facta
206 2202 249 2250 est
272 2194 425 2264 promissio.
459 2194 492 2251 E.
512 2194 601 2248 sancti
621 2196 656 2249 ab
680 2200 760 2249 utero
777 2202 939 2254 nascuntur,
967 2192 1006 2248 lti-

105 2266 187 2335 sting.
208 2270 231 2320 2.
244 2264 317 2317 inter
327 2263 537 2333 promissionem
548 2263 636 2333 ipsam
648 2270 677 2317 et
686 2264 877 2332 promissionis
889 2265 1005 2327 fructum,

109 2334 158 2405 qui
174 2350 230 2386 non
246 2332 300 2387 nisi
319 2349 370 2401 per
387 2333 556 2402 baptismum
573 2332 641 2401 ipsis
660 2333 809 2387 confertur.
839 2332 908 2387 Ideo
920 2333 1007 2387 Peon

106 2421 164 2458 non
185 2407 294 2455 tantum
319 2400 508 2470 promissionis
532 2401 612 2454 istius
629 2401 797 2456 mentionem
809 2400 891 2470 facit,
918 2401 965 2456 sed
984 2404 1008 2453 et

34 2472 37 2477 ’
105 2471 286 2554 baptisandos
315 2486 362 2523 eos
387 2485 447 2523 csse
470 2469 622 2535 concludit,
646 2480 678 2524 ut
702 2470 809 2524 scilieet
834 2467 1008 2540 promissionis

13 3507 86 3528 ,1-

106 2541 191 2611 huJus
208 2539 331 2593 fructum
348 2539 490 2608 percipere
508 2539 634 2608 possint.)

162 2660 213 2726 37.
254 2658 371 2736 Quibus
392 2660 579 2743 acquinoctio
595 2661 727 2743 probae,
745 2659 882 2744 infantes
904 2681 964 2723 esst

451 2740 679 2828 baptisandoa?

192 2845 300 2908 Probo
330 2845 357 2912 1.
381 2842 472 2920 inde,
505 2843 581 2928 qnia
614 2844 747 2926 infantes
776 2852 852 2906 sunt
878 2865 952 2909 caro
976 2840 1010 2907 de

108 2951 201 2993 carne
223 2929 300 3004 nati,
320 2951 450 2994 necesse
471 2930 511 2996 Ε,
534 2940 593 3005 est,
615 2948 670 2992 eos
692 2948 733 2991 ex
754 2949 840 3009 aqua
855 2940 886 2993 et
906 2926 1009 3015 spiritu

108 3014 248 3091 renasci,
277 3024 314 3076 ut
333 3014 368 3078 in
387 3036 523 3099 regnum
543 3012 608 3078 Dei
629 3011 754 3097 possint
775 3011 917 3098 ingredi,
945 3012 1014 3079 ,lois

107 3101 138 3183 3²
157 3099 239 3248 ep.
251 3182 339 3265 Quia
368 3186 412 3249 ad
435 3184 570 3268 infantes
591 3180 728 3269 pertinet
752 3180 868 3247 foedus
888 3178 1008 3269 gratiae.

111 3263 187 3334 Gen.
210 3269 261 3352 17,
283 3272 320 3345 7,
349 3266 489 3354 itemque
519 3265 689 3352 promissio
718 3264 759 3331 de
787 3290 888 3353 regno
914 3264 1010 3335 coelo·
