2250 3772
116 246 182 315 244
255 244 363 332 Caput
384 247 426 311 II.
470 247 522 311 De
546 248 693 331 symbolo
715 248 900 334 apostolico.

282 418 313 483 5.
361 415 467 493 Quare
489 417 666 503 appellatur
690 419 856 485 Circinus?

203 520 361 594 Christus,
384 520 439 581 hoc
462 532 514 595 eat,
538 533 647 582 unctus
667 519 793 598 dicitur,
818 521 893 605 quia
912 544 930 585 a
947 518 977 607 S]

115 610 179 673 ritu
204 619 313 671 sancto
345 605 378 666 in
404 604 607 688 prophetam,
636 607 834 671 sacerdotem
860 616 891 670 et
917 628 977 691 rege

115 704 276 768 nostrum,
298 702 424 775 praeter
445 712 643 766 mensuram,
664 705 779 755 unctus
804 701 870 769 est,
900 692 966 758 Jot.

116 781 180 855 343
207 781 314 841 Actor.
340 776 388 850 10,
411 774 452 838 38
465 798 473 849 ;
496 776 580 839 Paci.
599 776 650 851 45,
673 776 702 841 8,

186 891 319 964 (Χριστός
344 891 446 944 dicitur
469 908 577 961 graece,
598 893 674 960 napi
694 899 742 945 wo
756 899 839 965 χρίω,
862 884 933 963 quod
949 910 977 947 nr

118 962 265 1035 significat.
301 960 384 1015 Unde
401 960 551 1029 Aupuotia.
576 960 605 1012 in
622 960 698 1014 I'sal.
716 969 758 1016 44.
773 968 794 1015 t.
817 969 832 1017 8
853 963 905 1019 ool.
914 969 966 1019 410.

116 1037 181 1088 Hoc
198 1047 304 1096 nomen,
325 1030 403 1096 quod
419 1030 583 1096 appellatur
602 1028 737 1098 Christus,
757 1033 897 1084 unctionis
914 1038 958 1085 est.

116 1103 229 1156 iterum:
249 1099 376 1151 Mescini
387 1098 524 1162 hebraice,
544 1098 673 1151 Christro
685 1117 794 1168 praece,
812 1101 901 1153 latiae
911 1108 977 1154 andr

115 1174 152 1224 ab
176 1169 306 1221 cinctione
328 1167 402 1219 caim
427 1167 534 1219 dicitur
555 1166 698 1236 Curatio,
721 1170 846 1221 chrisma
867 1171 957 1223 unctio

115 1255 226 1310 praece.
263 1238 343 1302 Erpa
362 1234 491 1288 Christus
513 1244 620 1289 coctae.
666 1237 749 1289 Idem
766 1244 846 1294 tract.
877 1245 900 1293 ἵ.
917 1236 977 1293 ind

116 1316 171 1363 co.
190 1305 240 1361 col,
253 1310 294 1359 (36.
309 1304 344 1359 D.
366 1310 394 1358 et
413 1310 453 1358 67.
472 1312 504 1357 A.
541 1304 665 1359 Sumitur
685 1312 777 1360 autem
796 1307 901 1361 notatio
917 1324 934 1360 a
950 1322 977 1360 co

113 1383 205 1448 parat.
224 1374 301 1427 simii
338 1373 576 1437 Quemadmodum
597 1374 670 1427 enim
691 1372 720 1426 in
739 1375 802 1429 Vet.
819 1375 894 1430 Test.
911 1372 977 1446 propi

115 1453 170 1511 tae,
189 1443 357 1510 sacerdotes,
382 1447 410 1497 et
427 1459 508 1513 roges
525 1442 554 1494 in
571 1442 657 1496 officii
678 1443 721 1496 sui
739 1443 977 1514 inaugurationeo]

115 1514 185 1584 ungi
211 1512 349 1576 solebant,
373 1512 467 1565 Eccd.
488 1514 538 1575 29,
559 1514 589 1574 7,·
616 1516 639 1565 1.
661 1513 736 1566 Sam.
755 1516 872 1581 16,13,
898 1512 967 1569 unde

116 1583 195 1637 uncti
219 1580 332 1634 Domini
356 1580 531 1647 dicebantur,
558 1582 629 1637 Eoo.
647 1586 698 1648 46,
718 1586 746 1639 1,
777 1582 818 1636 ita
841 1589 871 1637 et
902 1582 977 1637 Chris

115 1658 217 1706 unctus
245 1654 300 1718 est,
327 1666 384 1703 non
401 1648 461 1702 oleo
482 1656 607 1717 externo,
632 1650 681 1703 sed
700 1648 806 1719 Spiritu
825 1668 847 1704 s.
866 1651 894 1704 in
910 1648 977 1773 propi

114 1728 173 1775 tarn
192 1726 219 1774 ct
237 1719 393 1781 doctorem,
415 1717 462 1787 qui
481 1717 561 1771 nobis
573 1717 744 1772 voluntatem
761 1719 850 1788 patris
869 1720 903 1773 de
921 1734 977 1774 ree

113 1791 191 1845 tione
209 1793 304 1842 nostra
321 1786 500 1856 patefaceret,
517 1787 584 1842 Joa
605 1792 628 1853 1,
648 1792 688 1850 It,
711 1787 740 1840 in
760 1788 920 1856 pontificem
936 1792 977 1842 eta

114 1860 269 1924 cerdotem‚
297 1856 346 1927 qui
370 1854 452 1908 unico
480 1871 530 1907 nos
557 1854 691 1909 sacrificio
718 1856 840 1925 corporis
872 1858 977 1913 redimet

114 1929 202 1983 1Ιεῦνέ
220 1929 321 1992 11),11),
341 1929 369 1978 ct
387 1940 495 1991 semper
512 1940 563 1993 pro
584 1923 664 1977 nobis
691 1926 766 1993 apud
785 1932 894 1995 patrem
911 1926 977 1981 inter

115 1998 207 2063 deret,
226 1995 314 2047 Hebr.
333 1996 363 2061 9,
384 1996 432 2056 21,
452 1992 480 2045 in
499 2009 608 2063 regom,
632 1993 679 2063 qui
705 2010 755 2047 nos
773 1994 860 2049 verbo
877 2013 911 2049 ac
927 2014 940 2048 a
959 1994 965 2006 “

113 2071 243 2187 ‘reiciat
253 2065 302 2183 1}
322 2066 447 2182 iiia?
460 2058 977 2188 ttvifiuztt⁰⁸ttttt⁰tttttttt

130 2170 138 2186 ⁴
185 2154 202 2185 ι·
244 2172 251 2199 r
290 2151 301 2199 i
426 2173 433 2188 ·
501 2171 508 2198 r
627 2170 634 2183 ·

114 2199 289 2271 antiquitatis
306 2199 451 2252 axiomata.
478 2199 500 2252 I.
513 2201 621 2252 Nomen
641 2198 768 2253 Cla-istac
787 2211 828 2255 cet
846 2219 942 2256 stomin
953 2217 977 2281 p«

111 2286 206 2332 conae,
223 2287 279 2321 noa
296 2269 428 2321 unimode
440 2268 552 2330 dictum,
569 2271 754 2322 occiduorum
765 2279 952 2324 naturai-cmo

106 2337 451 2406 ficativam,1)amcac.l.
472 2344 495 2390 3.
514 2337 621 2392 orthod.
641 2336 689 2391 fid.
709 2355 732 2392 c.
752 2343 776 2392 3.
799 2357 828 2408 p.
852 2345 908 2395 172.

113 2416 172 2460 ctue
191 2405 220 2459 τὸ
241 2403 456 2472 usvaurpanai
476 2405 592 2471 ἔυσεβώς
611 2412 744 2473 νοείσθω,
768 2415 916 2477 atramque
938 2412 977 2479 (qu

114 2493 148 2529 ex
166 2482 284 2544 utroque
302 2477 423 2541 constat)
443 2475 494 2542 pie
515 2474 628 2536 (homini
659 2475 716 2544 pioi
742 2475 977 2546 iriteltipendumc

113 2545 251 2598 Athenas,
270 2548 337 2598 orat.
360 2551 383 2596 5.
403 2547 490 2596 contr.
508 2543 603 2598 Ariani
622 2548 642 2596 t.
662 2551 681 2598 l.
700 2562 728 2613 p.
744 2548 793 2598 323
808 2545 839 2602 O.
868 2544 905 2599 II.
926 2545 977 2599 Uoc

112 2622 155 2667 cet
172 2612 289 2666 donatio
309 2612 435 2680 Spiritui
454 2630 477 2668 a.
498 2621 616 2680 practer·
633 2629 793 2666 mensuram
832 2616 913 2669 Porri.
928 2618 966 2683 16,

111 2684 179 2736 Joh.
199 2685 225 2750 3,
242 2684 293 2749 343
324 2684 374 2735 Es.
396 2686 435 2748 11,
454 2685 473 2732 2
492 2688 543 2734 etc.
578 2681 673 2737 Unum
690 2690 773 2736 croto:
792 2654 903 2738 dhristo
920 2678 977 2739 eti

113 2752 226 2806 nomina
244 2749 272 2802 in
290 2749 433 2820 scripturis
452 2749 545 2817 tribui,
564 2749 650 2804 veluti
663 2753 714 2807 Ea
731 2754 752 2818 7,
777 2756 809 2804 14
828 2759 858 2807 et
876 2758 901 2819 9,
914 2756 937 2807 6.
959 2746 977 2803 V

112 2838 174 2873 rum
192 2820 261 2872 hacc
279 2819 340 2887 ipsa
363 2817 455 2871 omnia
479 2823 507 2872 et
525 2818 637 2887 singula
656 2819 686 2871 in
704 2819 815 2874 nomine
835 2823 896 2892 ejus
911 2832 977 2891 propt

111 2890 181 2944 Jesu
199 2891 380 2950 concurrunt,
407 2892 435 2940 et
458 2886 502 2939 vol
525 2904 671 2956 personae,
699 2888 744 2943 vel
766 2889 881 2944 alterius
899 2894 977 2943 natum

111 2957 156 3012 vel
174 2955 258 3011 officii
277 2962 405 3024 respectu
421 2955 475 3024 ipsi
492 2955 670 3026 assignantur
688 2962 738 3011 etc.
780 2956 833 3011 III.
851 2952 977 3013 rusaio

113 3024 243 3078 ditrictae
261 3026 361 3092 dictus,
380 3040 412 3076 oc
430 3042 483 3091 quo
501 3025 531 3076 ia
549 3036 664 3078 coactae
683 3042 793 3093 semper
809 3028 924 3095 cirpinis
937 3030 977 3079 ota

111 3102 258 3217 {cacepgtulp
276 3094 669 3216 eidmwssimomssdmiim
679 3096 783 3214 {aptae
804 3098 977 3220 ectdlgffl

103 3203 173 3284 neri'
189 3180 217 3284 it
233 3202 328 3284 hodie⁸
343 3178 430 3283 deti.
445 3179 492 3297 lid,
510 3236 533 3299 8,
544 3203 581 3285 'et
598 3181 721 3302 qdddoid
735 3172 970 3288 (diieitiotentatut

111 3298 236 3366 Judaeis,
253 3304 277 3354 1.
322 3317 363 3352 or.
383 3303 424 3352 10.
444 3303 462 3353 9
481 3299 589 3354 dicitur.
620 3301 716 3360 Ochin.
741 3302 818 3371 apud
835 3302 934 3357 Zaoct.
948 3294 977 3349 l!
