2250 3772
106 228 171 295 432
241 225 348 311 Caput
368 224 429 290 III.
473 225 526 289 De
549 225 693 290 oratione
715 224 881 293 dominica

109 400 163 475 63,
194 396 244 473 16,
268 394 488 480 omnipotens,
523 394 599 461 Gerr.
632 398 683 473 17,
712 399 742 474 1,
775 394 990 481 omnipraam,

107 482 289 648 PsathlitiZ,
298 483 375 631 3l'in
390 565 494 629 solum
508 566 599 629 illum
612 587 723 628 verum
735 564 845 631 Deum
855 564 991 631 credimur

108 653 282 817 Roinria
296 652 344 801 li.
377 736 480 799 solum
516 736 601 799 hunc
632 757 744 799 verum
777 735 885 801 Deum
909 754 992 799 omne

4 804 8 813 ¹
107 822 210 885 sancti
233 845 359 906 semper
380 821 578 897 invocarunt,
602 820 677 885 Gerr.
697 822 748 898 18,
770 822 831 907 285
853 818 992 887 Enati

111 907 149 971 11
158 931 168 983 ;
197 910 273 971 Jud.
296 908 345 984 13,
372 908 407 982 83
437 907 467 970 2.
495 906 577 971 Sam.
599 906 651 982 23,
675 908 703 973 1.
726 918 779 973 etc.

177 1024 246 1090 (Nec
264 1031 357 1079 tamen
377 1025 442 1078 hinc
465 1024 601 1094 sequitur,
628 1024 702 1093 quod
723 1023 852 1079 Christus
869 1022 992 1079 secundun

107 1096 258 1150 humanam
281 1098 408 1147 naturam
433 1111 488 1147 non
513 1094 549 1147 sit
568 1093 732 1146 adorandus.
774 1092 827 1148 Est
847 1094 916 1149 enim
932 1090 992 1148 uir

107 1162 243 1217 unitatem
257 1179 390 1230 personae
401 1162 465 1215 Filii
477 1162 532 1217 Dei
549 1168 679 1218 assumta.
699 1168 727 1215 ct
743 1162 773 1215 in
785 1179 919 1217 summam
931 1160 991 1215 subli

108 1236 234 1286 mitatem
252 1231 385 1297 exaltata,
410 1248 443 1284 ac
466 1248 566 1285 nomen
585 1230 694 1300 accepit
712 1248 797 1300 super
814 1249 895 1286 omne
908 1246 992 1297 uornm¹

108 1307 162 1356 etc.
187 1300 263 1355 Phil.
292 1304 321 1367 2,
346 1304 370 1355 9.
398 1306 439 1353 lo.
487 1300 608 1353 Proinde
631 1316 687 1352 una
710 1300 873 1355 adoratione
894 1298 992 1355 ebriam

107 1368 278 1424 homo-Deus
296 1370 461 1425 adorandus.
496 1368 560 1424 Vid.
580 1386 654 1437 supr.
675 1368 711 1422 de
731 1385 831 1423 comm.
849 1369 966 1435 idiomat)

183 1504 249 1568 DE
278 1504 605 1571 INVOCATIONE
635 1504 928 1573 SANCTORUM.

151 1624 199 1687 13.
247 1622 366 1701 Quodsi
386 1626 468 1690 solus
495 1626 577 1687 Deus
599 1626 797 1701 invocandus,
821 1627 952 1711 cacalici

228 1714 328 1772 structi
349 1712 502 1774 deutortui
521 1712 685 1772 invocandi
705 1732 768 1771 uon
788 1711 896 1775 eruut?

190 1812 322 1876 Minoae
344 1823 438 1875 eruut.
483 1808 569 1889 Quia
593 1810 633 1873 de
654 1809 855 1875 invocatione
875 1804 978 1893 Angeia

105 1920 176 1963 rum
198 1908 231 1959 et
252 1906 433 1958 sanctorum
455 1895 488 1957 in
506 1894 679 1980 Scripturis

194 1981 223 2046 1.
247 1980 381 2043 Nullum
401 1980 555 2042 habemus
576 2003 762 2064 expressum
783 1981 953 2045 mandatum.

191 2068 220 2130 2.
243 2066 375 2128 Nullam
396 2065 646 2150 promissionem.

192 2152 221 2214 3.
243 2150 376 2213 Nullum
396 2173 468 2213 vcro
490 2150 616 2234 piorum
637 2152 829 2237 exemplum.

192 2235 222 2299 4.
245 2234 284 2297 In
307 2236 439 2319 angelos
461 2248 491 2298 ct
514 2245 639 2299 sanctos
661 2258 727 2298 non
749 2237 911 2300 credimus.

190 2319 221 2382 5.
243 2320 364 2403 Angeli
387 2331 417 2383 ct
440 2320 538 2383 sancti
565 2344 629 2383 non
656 2333 729 2383 sunt
758 2322 900 2385 cordium
920 2330 977 2407 wls

108 2413 244 2480 totores,
274 2428 338 2466 non
369 2404 489 2467 infinite
516 2405 753 2482 misericordes,
776 2430 842 2470 non
863 2400 977 2471 omnim

107 2511 173 2554 non
196 2490 438 2574 omnipotentes,
459 2513 523 2552 non
547 2490 827 2574 omnipraesentcs.
963 2562 969 2577 .

190 2576 230 2638 Ε.
258 2598 317 2638 nec
339 2576 475 2658 gemitus
497 2575 641 2638 cordium
667 2576 835 2652 exaudire,
862 2596 915 2639 neo
933 2566 979 2633 ult

104 2682 167 2744 que
189 2660 222 2722 in
244 2660 394 2744 periculis
416 2661 540 2736 adesse,
570 2682 630 2724 ncc
660 2660 904 2725 misericorditer
920 2656 979 2721 ind·

106 2754 213 2809 cantos
236 2745 371 2809 liberare
393 2756 535 2829 possunt.
585 2747 624 2809 E.
646 2767 705 2808 nec
724 2745 894 2810 invocandi
911 2744 980 2806 eruti

176 2861 266 2927 (Idem
282 2861 417 2931 'probatur
434 2862 507 2931 inde,
525 2864 591 2932 quia
612 2869 632 2917 l.
645 2862 783 2917 invocatio
801 2854 980 2937 sanctommtlst

104 2936 188 3001 rogat
208 2930 305 2985 honori
327 2931 377 2984 soli
395 2930 456 2985 Deo
482 2933 601 3001 proprio.
637 2930 690 2985 Est
707 2932 780 2985 onim
804 2932 892 2987 honor
905 2926 981 3005 religit

105 3015 154 3053 sae
171 2998 352 3054 invocationis
370 3000 460 3053 cultus
477 3001 583 3069 primae
596 3000 717 3069 tabulae,
736 3001 787 3054 soli
804 3000 865 3056 Deo
879 3014 924 3082 pro
939 3006 981 3067 1¹⁸,

105 3072 130 3123 2.
157 3066 343 3149 Ignominiose
373 3069 489 3139 derogat
515 3071 612 3123 morito
640 3078 667 3123 et
697 3069 886 3125 intercessioni
910 3066 928 3122 0
953 3062 959 3075 '

104 3136 180 3190 unici
199 3137 366 3193 mediatoris.
409 3137 462 3200 oui
480 3139 554 3192 enim
576 3138 741 3193 fiducialiter
763 3139 875 3194 invocat
895 3138 981 3193 sucta

104 3209 138 3257 ut
157 3221 208 3273 per
226 3207 235 3258 i
256 3224 347 3259 sorum
370 3207 468 3261 merita
493 3207 586 3260 aditus
608 3208 662 3277 ipsi
686 3208 722 3261 ad
745 3207 887 3263 Christum
909 3200 982 3277 pald»

103 3288 197 3328 annon
210 3224 330 3329 fitluciac
349 3293 414 3330 suae
440 3274 522 3331 basin
541 3277 659 3331 collocat
675 3276 705 3331 in
722 3283 881 3333 sanctorum
896 3262 983 3331 merittl
