2250 3772
118 233 161 299 38
463 236 515 299 De
537 258 562 301 s.
583 248 693 300 sancta

116 401 273 458 sacerdotes
297 402 365 455 dicit
384 402 419 457 66
442 402 569 473 subjecta
595 404 726 460 materia:
756 421 823 458 num
847 419 881 457 ex
900 407 1036 458 contactu

118 470 210 527 carnis
228 469 417 527 sanctificatae
435 472 642 527 sanctificentur
664 472 748 527 etiam
768 472 837 541 alia,
856 471 968 540 vinum,
986 488 1036 543 ps·

116 540 168 609 nis,
196 540 295 608 oleum,
323 547 373 594 616.
421 545 445 595 2.
472 541 636 608 Hieronpm.
661 558 759 595 comm.
785 543 815 594 in
839 540 935 611 Hagg.
962 546 984 594 t.
1011 547 1036 598 6.

116 609 136 664 f.
157 613 215 664 233.
235 607 266 663 C.
283 609 319 663 66
335 608 427 663 officio
445 609 620 664 sacerdotum
640 610 774 679 explicat,
798 609 881 680 quale
904 624 968 664 esse
988 609 1036 666 ds·

117 678 191 745 beat,
209 694 309 758 nempe
323 677 394 731 seire
412 682 440 731 et
460 678 635 748 interpretari
653 679 753 750 legem.
790 682 813 733 3.
826 677 874 733 Sic
890 677 975 731 multi
995 694 1036 733 cs·

117 752 179 801 sent
198 747 385 800 constituendi
401 746 513 816 judices
533 747 645 815 summi,
664 765 722 800 nun
738 764 810 800 unus
827 763 912 868 papa.
957 745 1036 802 Dicit

117 814 191 869 enim
210 813 358 884 propheta:
376 814 522 885 Interroga
538 816 703 870 sacerdotes.
737 815 790 870 Nil
809 834 825 869 0
842 822 899 868 stat
918 821 944 870 6.
956 814 1036 871 loeus

115 883 245 938 Maloeh.
263 886 295 951 2,
326 886 347 936 7.
394 885 530 940 Bellarm.
558 884 582 938 d.
611 885 663 944 col.
692 891 750 941 145.
779 883 814 939 A.
859 883 1036 940 Describitur

115 969 236 1022 namque
254 951 345 1033 ethic
363 952 486 1007 officium
502 953 686 1021 sacerdotum,
705 953 800 1024 quales
820 967 880 1006 esse
899 951 1036 1021 debeant,

117 1020 993 1171 333⁶.333333333.3333333333335¹...

118 1158 337 1213 dechnaverunt.
379 1158 482 1214 rdev.8
504 1161 628 1223 166626,
641 1162 662 1212 7.
674 1159 860 1228 66666666
879 1158 1036 1215 Neroassos

118 1233 142 1283 6.
156 1227 234 1282 locus
247 1232 270 1281 2.
282 1228 385 1283 Parui.
398 1231 440 1293 19,
453 1231 496 1280 10.
523 1228 602 1282 Idem
612 1227 680 1281 ibid.
692 1228 724 1282 B.
748 1226 853 1308 Agitur
869 1243 936 1280 nam
956 1244 995 1282 ue
1009 1232 1036 1284 61

116 1296 173 1350 illic
191 1295 226 1349 de
246 1295 406 1349 dirimendis
419 1297 502 1366 juxta
512 1296 603 1367 legem
616 1302 808 1350 controversus
825 1300 886 1349 tum
902 1244 1036 1420 po‘titicip

117 1370 177 1418 tum
198 1363 400 1439 ecclesiasticis:
435 1364 497 1419 Hoc
515 1365 583 1436 quid
601 1365 638 1419 ad
658 1365 832 1435 interpretat.
853 1363 1017 1434 Scripturas

120 1433 173 1487 Nsi
186 1433 310 1488 6661611.
328 1432 405 1487 16666
425 1434 528 1487 Martis¹
539 1437 582 1501 16,
596 1437 634 1487 19.
655 1434 794 1489 Bellarm.
813 1431 882 1486 ibid.
902 1449 918 1486 c
938 1440 962 1488 5.
984 1434 1036 1489 col

117 1507 175 1557 146.
194 1500 229 1554 D.
264 1501 336 1556 Sunt
355 1502 428 1556 enim
454 1508 477 1556 4.
496 1502 615 1556 termini.
656 1502 712 1557 Per
734 1502 827 1556 claves
850 1517 906 1554 non
932 1501 1036 1569 intelli·

116 1569 192 1642 gitur
212 1574 337 1650 potestas
362 1569 564 1641 interpretandi
591 1570 776 1640 scripturam,
809 1569 858 1624 sed
888 1569 1036 1626 ministerii

119 1638 301 1694 ecclesiastici
322 1638 461 1706 doctrina,
486 1639 557 1720 legis
577 1639 635 1693 scil.
653 1647 680 1694 et
697 1638 841 1709 evangelii.
877 1637 952 1693 Vide
967 1640 1036 1695 Jols

117 1710 163 1772 20,
181 1709 228 1764 23.
265 1712 288 1763 2.
306 1706 399 1761 Etiam
425 1707 538 1778 reliqum
564 1709 698 1778 apostolis
717 1708 808 1762 claves
846 1706 1036 1777 remittuntur,

116 1776 222 1831 Marta.
253 1779 294 1845 18,
325 1779 363 1830 18.
397 1780 426 1830 61
453 1776 582 1830 omnibus
609 1776 781 1845 exhibentur,
835 1777 878 1832 oh.
911 1779 958 1844 20,
988 1779 1035 1832 23.

119 1846 184 1899 Hoc
200 1843 287 1915 igitur
306 1853 388 1899 erant
409 1852 436 1897 et
455 1846 541 1899 ceteri
560 1847 690 1915 apostoli,
709 1848 865 1914 quoderat
885 1845 1035 1900 etPetrus.

119 1916 203 1983 Oppr.
222 1919 303 1968 tract.
317 1919 341 1968 3.
362 1914 396 1968 66
414 1913 503 1983 simpl
519 1914 635 1984 praelat.
653 1933 680 1986 p.
696 1919 752 1969 163.
790 1915 890 1967 Omnes
908 1913 984 1968 enim
1002 1931 1036 1969 ea

119 1999 208 2051 aequo
226 1983 318 2053 liquat
339 1991 365 2036 61
383 1983 502 2050 soleant,
523 1985 597 2037 sicut
613 1983 679 2036 ille:
699 1983 792 2038 Bccil.
811 1982 841 2034 in
858 1982 974 2053 constit..
988 2000 1034 2038 ex·

32 2112 36 2117 ,
117 2068 171 2106 erc.
200 2066 225 2104 c.
250 2058 291 2106 21.
317 2056 337 2104 t.
362 2057 386 2107 3.
412 2068 440 2121 p.
464 2057 523 2106 643.
567 2053 595 2104 Α
624 2051 750 2106 clavibus
778 2052 968 2121 argumentari
998 2050 1035 2106 ad

118 2119 278 2190 Scripturas
296 2119 561 2190 interpretationem,
589 2120 705 2175 aPetro
724 2118 913 2190 argumentari
930 2120 967 2173 ad
1006 2136 1035 2175 a·

118 2205 193 2258 pam,
210 2187 310 2243 iterum
328 2196 370 2243 est
392 2188 522 2242 abaculo
539 2190 575 2243 ad
593 2189 735 2261 angulum.
772 2188 871 2241 Petrus
890 2187 963 2242 enim
980 2138 1036 2245 Mc

120 2261 178 2311 1.a
216 2257 310 2312 stolus.
348 2263 370 2312 2.
391 2256 555 2315 Immediate
571 2262 694 2312 vocatus.
732 2263 755 2312 3.
773 2255 915 2311 Miraculis
934 2256 1035 2313 clarus.

118 2330 142 2380 4.
190 2341 226 2379 on
245 2331 304 2379 arte
322 2325 488 2395 compositas
505 2326 616 2381 fabulas
629 2325 723 2380 docuit
743 2330 797 2380 616.
823 2329 850 2378 2.
862 2327 940 2381 Par.
952 2330 976 2395 1,
992 2330 1033 2383 16,

118 2394 171 2447 Nat
191 2394 282 2446 obstat
295 2398 317 2447 8.
328 2394 406 2448 locus
422 2394 526 2453 Matth.
540 2399 587 2463 23,
597 2399 623 2452 2,
652 2394 729 2448 Idem
745 2393 783 2448 ib.
802 2393 961 2455 6611466.
982 2395 1036 2450 Est

116 2461 190 2517 enim
208 2462 338 2518 elenchus
355 2462 505 2533 phrasium.
542 2463 576 2517 In
604 2463 738 2519 cathedra
750 2461 797 2516 Mo
820 2461 857 2516 sis
874 2463 973 2518 sedere
991 2468 1036 2519 est

117 2530 223 2602 Moysis
242 2531 399 2586 doctrinam
417 2549 572 2603 proponere
591 2541 618 2589 et
639 2533 757 2587 tradere.
783 2481 848 2587 Mid.
868 2532 1034 2600 Hieronem.

117 2615 215 2653 comm.
244 2599 273 2653 in
291 2599 392 2655 Matth.
418 2618 441 2655 c.
461 2607 502 2660 23.
520 2608 540 2657 t.
562 2606 585 2657 8.
611 2620 638 2672 p.
659 2608 699 2657 61.
729 2599 765 2655 D.
792 2616 842 2654 seu
865 2599 958 2670 legem
982 2616 1035 2670 per

116 2668 234 2740 Moysen
253 2667 384 2723 traditam
403 2670 510 2725 docere.
552 2670 616 2726 Vid.
635 2669 784 2723 Hilarium
801 2668 903 2723 Psalm
925 2674 948 2724 2.
966 2673 986 2724 t.
1009 2675 1035 2725 2.

116 2755 145 2858 p.
172 2743 231 2793 346.
260 2754 309 2792 seu
337 2738 366 2792 in
393 2739 519 2810 legitima
543 2739 686 2794 functione
722 2736 855 2790 divinitus
881 2738 1035 2794 constituta

137 2806 272 2861 octrinam
290 2807 438 2861 coelestem
475 2824 615 2878 reponere.
653 2812 676 2862 2.
692 2805 768 2860 Dum
785 2821 852 2876 ergo
871 2806 963 2877 legem
977 2806 1036 2863 Dei

119 2874 280 2943 docuerunt,
298 2876 430 2931 audiendi
449 2826 575 2931 ltrerunt:
595 2893 664 2946 quos
682 2892 700 2928 a
716 2873 851 2955 cathedra
864 2873 970 2956 Moysis
988 2874 1033 2929 di·

118 2959 240 3014 grossos,
259 2944 326 3003 dum
344 2945 373 2998 in
392 2945 450 3000 suis
467 2945 665 3000 fermentorum
682 2943 823 2997 cathedris
840 2948 1033 3015 consisterent,

116 3011 231 3068 minime
255 3013 407 3068 audiendos
435 3031 507 3078 esse,
536 3012 663 3067 Christus
693 3012 845 3082 praecepit.
895 3012 1036 3068 Videatur·

117 3081 268 3152 Aayustio.
298 3084 316 3137 l.
337 3090 361 3140 4,
391 3083 426 3137 66
444 3083 517 3136 6661.
542 3081 637 3136 christ.
664 3097 688 3136 6.
708 3087 749 3135 21.
776 3086 795 3132 1.
819 3086 842 3134 3.
859 3081 912 3136 col.
938 3086 979 3137 91.
998 3082 1035 3136 Α.

15 3186 20 3199 ·
119 3155 142 3205 3.
165 3149 192 3204 Α
214 3150 347 3206 cathedra
372 3149 478 3222 Moysis
507 3150 544 3204 ad
569 3149 730 3205 cathedram
751 3148 829 3204 Petri
854 3154 990 3220 tanquam
1017 3166 1036 3206 a

117 3218 224 3274 fortiori
245 3220 446 3293 argumentari,
470 3225 499 3274 et
520 3218 586 3275 inde
608 3219 646 3273 ad
673 3235 790 3290 paam,
816 3223 859 3272 est
889 3218 1036 3273 elenchum

117 3286 215 3359 impar.
233 3295 262 3344 et
279 3288 474 3359 consequentis
494 3287 674 3343 committere.
699 3236 772 3352 (tuis
793 3293 816 3342 1.
836 3287 969 3342 cathedra
981 3287 1036 3343 Pe·

19 3516 135 3536 [flu-n.
