2250 3772
365 234 418 300 De
439 258 577 324 persona
598 233 727 304 Christi.
935 238 1001 305 263

62 468 64 473 .
122 400 158 470 19.
182 406 299 493 Erpone
318 409 482 472 seeundum
506 409 649 493 primum
674 407 732 472 lroe
751 429 846 491 pertua
867 428 988 471 comme

62 490 71 563 [t
150 492 306 578 nicationis,
319 491 424 575 ¹(ilium
443 492 510 556 Dee·
528 516 597 558 vere
618 514 680 557 ease
694 515 837 577 parsum,
859 494 957 554 oruci-

62 594 65 687 q
300 578 406 662 fierem
427 588 456 640 et
478 589 643 655 mortuom,
666 575 785 642 credie?

62 702 67 757 t
183 694 295 773 Quidni
313 696 487 760 crederem?
519 694 607 776 Quia
629 698 656 767 1,
679 694 845 782 Scriptura
865 696 998 760 exsertis

119 777 198 843 urbis
216 778 368 858 affimat,
387 780 496 845 Deum
516 780 681 867 proprium
703 781 803 845 filium
824 803 882 881 pro
904 780 998 845 nobis

119 863 272 944 tradidisse,
301 868 394 931 Rom.
416 867 446 943 8,
467 867 526 946 32,
555 866 732 930 Dominum
754 866 876 952 glanae
897 865 1000 930 oruci-

118 943 206 1028 fixum,
226 952 254 1018 1.
281 951 352 1017 Cor.
375 952 406 1028 2,
428 952 457 1037 8,
485 963 517 1015 et
538 962 681 1016 autorem
701 951 784 1017 vitae
810 973 880 1015 esse
900 950 999 1015 inter-

118 1028 220 1130 ftttum,
240 1036 310 1100 Act.
332 1036 370 1112 3,
394 1037 443 1120 15,
465 1047 497 1100 et
517 1035 626 1100 Deum
649 1059 706 1101 suo
727 1035 882 1122 sanguine
907 1037 999 1101 rede-

118 1135 189 1183 misse
207 1119 382 1198 eeclesiam,
404 1123 472 1185 Act.
496 1123 548 1198 20,
569 1122 621 1187 28.

127 1282 133 1296 ·
180 1204 262 1287 Quia
280 1206 310 1270 2.
331 1216 440 1270 nostra
460 1205 494 1269 id
514 1206 621 1293 ipsum
638 1227 710 1269 eum
725 1205 797 1270 Deo
813 1206 998 1270 reconcilia-

118 1291 149 1381 }10
168 1290 351 1375 requirebat.
393 1290 541 1356 Infinitae
571 1291 730 1376 siquidem
756 1290 900 1376 justitiae
932 1291 998 1356 Dei

117 1368 211 1440 minito
242 1375 502 1440 satisfaciendum
534 1388 602 1440 erat
634 1376 746 1461 pretio.
794 1376 897 1461 Atqui
928 1377 997 1441 sola

117 1466 202 1525 natura
213 1461 362 1537 humana,
383 1484 465 1544 quae
481 1460 569 1525 finita
583 1473 641 1539 est,
661 1461 741 1545 iliud
752 1476 917 1560 praestare
931 1484 997 1525 non

116 1544 200 1620 potuit.
240 1544 430 1610 Necessario
460 1544 558 1631 igitur
582 1547 688 1633 ipsum
716 1546 817 1610 filium
843 1546 909 1611 Dei
936 1569 995 1632 pro

115 1624 184 1693 tobis
203 1630 270 1717 pati
290 1642 323 1696 et
340 1632 426 1696 mori
447 1630 596 1716 oportuit.

164 1744 249 1812 (Ratio
277 1758 298 1804 1.
324 1765 342 1803 a
364 1749 521 1804 testimonio
539 1749 631 1803 divino
653 1748 782 1804 mediato.
818 1748 896 1804 Conf.
915 1750 996 1803 Rom.

116 1808 187 1889 ⁶210,
206 1816 303 1872 datae
318 1822 345 1885 2,
358 1821 403 1872 20.
439 1818 523 1872 Ratio
541 1825 564 1873 2.
584 1836 601 1872 a
618 1817 672 1872 fine
693 1822 722 1872 et
740 1817 842 1872 effectu
857 1817 995 1887 passionis

114 1872 174 1953 ihus,
192 1886 296 1955 mediis,
312 1887 446 1940 ad'unota
465 1887 600 1958 qualitate
616 1904 637 1955 va
656 1886 750 1940 relatis
769 1886 883 1955 paribus
903 1886 995 1940 decla·

114 1952 163 2004 rata
191 1953 268 2009 Finis
288 1961 346 2010 ete
370 1961 448 2010 ectus
469 1958 529 2026 ejus
549 1964 590 2009 est
606 1955 739 2010 redemtio
757 1955 842 2008 totius
861 1955 956 2007 mundi
976 1971 996 2009 a

113 2023 208 2081 pereatis
232 2029 261 2078 et
284 2023 343 2079 irae
371 2024 481 2079 divinae
502 2024 632 2094 expiatio.
667 2024 723 2078 Hie
741 2040 796 2077 non
814 2023 867 2076 nisi
884 2022 993 2077 infinito

114 2087 180 2143 medio
192 2092 299 2163 acquiri
317 2097 346 2147 et
363 2092 481 2163 produci
497 2099 595 2163 potest.
629 2092 670 2146 At
688 2110 705 2146 a
721 2091 800 2146 finita
817 2100 917 2145 natura
935 2091 995 2146 sola

112 2146 155 2209 fiai
167 2158 214 2216 hoo
230 2178 287 2215 non
304 2167 411 2232 potest,
437 2179 501 2215 eum
520 2160 637 2216 effeetus
653 2178 710 2215 non
729 2161 844 2215 excedat
861 2161 993 2215 virtutem

113 2232 160 2302 uqa
177 2246 292 2298 causae,
320 2236 349 2285 et
372 2229 467 2285 finitae
489 2247 590 2284 causae
613 2229 709 2284 finitus
727 2230 763 2284 sit
779 2230 903 2284 effeetus.
938 2229 994 2283 Re-

112 2293 292 2371 immerge
315 2298 436 2367 infinita3
466 2299 588 2353 vicissim
620 2298 736 2353 effeetus
765 2297 890 2352 infinitus
915 2316 995 2368 prae·

112 2367 216 2431 oppone
232 2375 262 2423 et
281 2384 393 2423 eausam
411 2367 554 2424 infinitam.
584 2366 680 2429 Qualis
699 2368 772 2422 enim
790 2368 914 2435 effeetus,
928 2367 994 2422 talis

112 2430 222 2491 ottttusa.
251 2437 329 2492 Bene
341 2438 497 2491 Lutteraa:
516 2436 544 2490 ei
559 2437 637 2490 aolus
656 2437 735 2490 tomo
748 2455 805 2506 pro
824 2437 904 2491 nobis
921 2455 994 2489 mor-

112 2494 159 2551 ttae
172 2513 221 2569 eet,
247 2513 306 2558 tum
318 2523 442 2574 prorsus
459 2513 552 2559 oetam
567 2505 664 2573 fuerit
683 2507 718 2558 de
738 2506 830 2572 nohis,
850 2505 914 2559 vide
931 2504 994 2558 libr.

101 2556 137 2619 dt
154 2574 241 2629 tonoil.
267 2580 297 2629 et
320 2573 416 2629 eccles.
440 2578 506 2628 tom
527 2581 550 2629 7.
573 2573 686 2628 Jenens.
705 2591 791 2644 germ.
817 2573 864 2629 fol.
885 2579 943 2628 250.
965 2590 990 2630 a.

112 2622 325 2775 ἓξίἱτῖοοηίθεε.
342 2644 439 2713 major.
458 2648 523 2698 tom.
544 2648 568 2698 3.
588 2642 699 2698 Jenens.
717 2659 802 2714 germ.
820 2642 869 2699 fol.
888 2648 948 2698 455.
964 2640 993 2699 b.

62 2856 64 2865 ·
111 2812 148 2887 20·
172 2830 390 2916 aequiparato
412 2842 441 2896 et
461 2853 545 2893 mora
566 2831 674 2895 deitati
694 2852 756 2915 per
775 2841 906 2893 naturae
925 2849 996 2891 eon·

62 2918 64 2949 ³
141 2911 272 2982 ditionem
292 2938 355 2978 non
374 2927 554 3002 competunt,
577 2939 636 3000 quo
658 2917 748 2981 modo
768 2936 839 2996 erqo
861 2912 950 2976 Deua

244 3023 363 3084 passus
387 3012 416 3064 et
434 3012 573 3064 mortuus
596 3001 740 3065 dicendus
762 2996 827 3062 eat?

175 3109 279 3173 Deitas
298 3108 429 3193 quidem
456 3108 599 3194 crucifigi
628 3119 659 3172 et
685 3106 767 3172 mori
785 3128 850 3170 non
871 3116 994 3190 potest3

113 3186 137 3239 ti
152 3189 215 3269 quia
234 3193 319 3257 iilius
338 3192 404 3257 Dei
421 3206 567 3257 naturam
591 3193 762 3261 humanam
783 3191 817 3256 in
837 3190 993 3255 unitatem

113 3278 170 3334 suae
185 3298 335 3361 personae
360 3277 549 3365 assumpsit,
566 3289 598 3343 et
618 3279 680 3344 hoo
701 3277 772 3365 ipso
793 3272 900 3342 omnia
922 3276 993 3360 ejus
