2250 3772
108 220 182 296 484
359 227 467 313 Caput
487 226 512 292 Ι.
556 226 609 290 Da
628 224 793 312 decalogo.

117 398 169 477 32.
205 397 295 462 Anae
323 399 435 483 icitur,
457 406 498 462 rt·
517 419 573 463 tar
600 397 680 460 bona
704 416 799 481 opera
823 397 975 461 roncata

425 482 429 487 ’
474 479 679 565 raeooaato‘iitix

203 598 393 664 Necessaria
414 599 544 663 omnino
564 608 635 662 tum
649 599 723 675 Dei,
743 608 813 663 tum
834 601 943 677 nostri,
959 610 975 663 t

111 687 258 774 proniani
277 706 382 749 causa.

203 772 268 836 Da·
293 793 388 834 causo
414 766 560 833 facienda
588 778 678 843 sunt,
711 766 740 833 1.
760 776 797 831 ut
818 764 970 833 mandato

117 853 274 919 voluntati
302 852 367 918 Dei
398 853 540 917 debitam
574 851 791 918 obedientiam
820 862 975 937 praestem

117 938 277 1016 Mertai),
301 940 350 1005 16.
389 939 416 1005 1.
443 940 546 1004 Thaso.
560 940 593 1015 4,
614 939 644 1004 3.
681 937 821 1019 Rora7,
845 937 898 1003 12.
933 937 966 1001 2.

116 1023 253 1110 gloriam
270 1024 332 1088 Dei
352 1022 557 1101 illustremus,
577 1024 692 1088 Matri.
706 1020 737 1099 5,
760 1022 809 1088 16.
847 1021 878 1089 3.
894 1020 975 1109 Utg

116 1108 286 1172 titudinem
307 1119 449 1174 nostram
468 1106 543 1172 Deo
564 1106 781 1184 declaremus,
808 1108 900 1172 Rom.
925 1108 975 1183 12,

202 1193 318 1259 Nostri
338 1219 441 1271 cauto,
462 1203 499 1257 ut
515 1195 543 1258 1.
559 1192 655 1265 fidem
676 1202 818 1257 nostram
839 1190 955 1255 iisdem

117 1301 186 1342 ram
215 1277 406 1347 hominibus,
427 1278 623 1345 declaremus
630 1329 638 1362 ,
667 1276 838 1352 Matar,
861 1277 912 1343 18.
956 1278 975 1341 l

116 1364 148 1441 2,
173 1364 221 1430 17.
271 1364 300 1428 2.
327 1363 376 1429 Ut
403 1363 443 1428 de
477 1362 664 1427 remissione
695 1372 902 1446 peccatorum
935 1383 975 1425 no

109 1466 179 1597 Per
196 1446 360 1515 Christum
387 1448 556 1535 impetrata
588 1447 728 1531 itemque
750 1444 906 1510 electione
916 1458 959 1510 et

112 1540 182 1597 ¹ute
202 1544 312 1596 nostra
334 1534 412 1599 certi
436 1533 615 1601 reddamur.
760 1600 764 1605 ,

186 1631 269 1701 (Vide
280 1635 314 1686 ’2.
332 1630 455 1700 Peri-tr,
474 1618 519 1689 1'0.
557 1630 636 1688 Solos
650 1630 827 1701 justificatos·
837 1628 918 1685 Deus
935 1630 975 1685 ele

115 1703 197 1758 Rom.
215 1705 239 1761 8.
259 1704 306 1758 30.
339 1701 574 1757 Jmtilioationam
593 1700 787 1772 cognoscimus
803 1716 840 1755 ax
854 1698 927 1768 fida,
949 1700 975 1755 lt

112 1775 184 1841 ,5,1.
215 1769 315 1825 Fidem
332 1771 523 1842 cognominus
542 1768 725 1827 ex'fruotibus
743 1773 771 1823 et
784 1767 916 1839 oporibus
927 1766 975 1825 hor

199 1877 230 1942 3.
252 1877 300 1941 Ut
327 1874 441 1938 iisdem
468 1874 564 1937 fidem
593 1883 734 1937 nostram
763 1893 969 1936 exerceamus

111 1961 356 2047 provehamua'
584 1966 587 1973 '
678 1966 681 1971 '

187 2059 257 2125 (Ubi
273 2065 392 2140 peccata
409 2064 506 2113 contra
523 2057 735 2139 conscientiam,
755 2056 795 2137 ibi
814 2073 870 2137 non
888 2063 933 2112 eat
950 2056 975 2113 n·

105 2144 170 2192 ¹noo
187 2132 358 2187 ,conserentur
374 2127 457 2196 bona,
474 2143 527 2183 nec
539 2144 576 2195 ¹m
593 2125 686 2181 Deum
699 2125 820 2197 fiducia,
839 2125 899 2187 rrd:
913 2130 939 2195 1,
959 2128 975 2179 l

102 2198 202 2277 ,1,19.
242 2199 268 2252 2.
291 2196 362 2252 rim.
382 2201 406 2261 1,
427 2199 453 2248 e.
491 2194 589 2260 aar,
608 2197 663 2279 ra.)

200 2300 230 2366 4.
262 2299 311 2365 Ut
342 2298 457 2361 iisdem
488 2297 602 2375 vitam,
634 2276 867 2382 professionem
901 2308 933 2377 et
952 2319 975 2362 o

114 2382 287 2449 fossionem
328 2393 470 2446 nostram
506 2383 768 2458 cohonestemus,
808 2383 869 2447 aid.
915 2382 975 2467 Epa

105 2469 145 2557 '4'
169 2472 306 2621 ldeqill
324 2573 445 2638 poenas
469 2542 764 2636 tum'temporalea
792 2559 862 2615 tum
884 2560 937 2629 aet
971 2604 975 2615 .

5 2688 8 2697 .
114 2639 262 2715 citemus,
285 2639 396 2707 Mattio.
420 2637 449 2713 7,
475 2636 521 2703 19.
562 2639 654 2703 Rom.
676 2636 708 2711 8,
732 2634 780 2700 13.
821 2700 825 2705 ,
966 2696 969 2701 .

103 2764 108 2773 ·
200 2725 230 2790 6.
259 2722 307 2787 Ut
333 2721 624 2785 remunerationem
651 2730 682 2785 et
708 2717 853 2804 praemia
879 2732 975 2819 gratu

105 2816 181 2887 tam
202 2814 216 2872 's
239 2805 390 2884 iritualia,
412 2826 510 2892 quam
529 2805 759 2891 corporalia-a
780 2802 855 2868 lieo
877 2816 975 2891 impet

102 2900 195 2979 anus,
212 2828 291 2959 lev.
310 2888 363 2969 26,
384 2891 414 2957 3.
457 2890 587 2979 1.,Τίηι.
608 2890 640 2975 4,
659 2888 704 2955 8.'
833 2904 836 2911 '

103 3036 109 3047 .
183 2992 325 3073 (intelige
342 3006 400 3049 non
415 3006 582 3060 exopernm
599 2989 745 3061 dignitato,
764 2988 814 3045 sod
833 3006 867 3049 ex
884 3004 975 3060 ρωποι

113 3060 190 3116 aione
207 3059 351 3131 gratmta.)
606 3094 609 3101 ·

195 3163 341 3226 Proximi
361 3184 471 3236 causo,
500 3172 534 3223 ut
564 3161 592 3227 1.
612 3160 727 3223 iisdem
748 3160 932 3246 proximum
954 3183 975 3224 st

95 3244 270 3323 levemus,
293 3244 430 3309 eundem
449 3245 480 3312 2.
497 3244 650 3330 exemplis
672 3245 789 3309 nostris
813 3245 975 3310 aedificem
