<?xml version="1.0" encoding="UTF-8"?>
<!DOCTYPE html PUBLIC "-//W3C//DTD XHTML 1.0 Transitional//EN"
    "http://www.w3.org/TR/xhtml1/DTD/xhtml1-transitional.dtd">
<html xmlns="http://www.w3.org/1999/xhtml" xml:lang="en" lang="en">
 <head>
  <title>
</title>
<meta http-equiv="Content-Type" content="text/html;charset=utf-8" />
  <meta name='ocr-system' content='tesseract 3.04.00' />
  <meta name='ocr-capabilities' content='ocr_page ocr_carea ocr_par ocr_line ocrx_word'/>
</head>
<body>
  <div class='ocr_page' id='page_1' title='image "./dconradidieteri00dietgoog_0182.png"; bbox 0 0 2250 3772; ppageno 0'>
   <div class='ocr_carea' id='block_1_1' title="bbox 372 246 1022 335">
    <p class='ocr_par' dir='ltr' id='par_1_1' title="bbox 372 246 1022 335">
     <span class='ocr_line' id='line_1_1' title="bbox 372 246 1022 335; baseline 0.008 -24"><span class='ocrx_word' id='word_1_1' title='bbox 372 247 427 311; x_wconf 90' lang='lat' dir='ltr'>De</span> <span class='ocrx_word' id='word_1_2' title='bbox 447 246 634 334; x_wconf 79' lang='lat' dir='ltr'>impletione</span> <span class='ocrx_word' id='word_1_3' title='bbox 655 248 746 335; x_wconf 86' lang='lat' dir='ltr'>legis.</span> <span class='ocrx_word' id='word_1_4' title='bbox 960 252 1022 316; x_wconf 88' lang='grc'>149</span> 
     </span>
    </p>
   </div>
   <div class='ocr_carea' id='block_1_2' title="bbox 110 415 1025 1199">
    <p class='ocr_par' dir='ltr' id='par_1_2' title="bbox 110 415 1025 1199">
     <span class='ocr_line' id='line_1_2' title="bbox 216 415 917 504; baseline 0.004 -25"><span class='ocrx_word' id='word_1_5' title='bbox 216 415 286 484; x_wconf 79' lang='lat'>102.</span> <span class='ocrx_word' id='word_1_6' title='bbox 324 415 469 481; x_wconf 78' lang='lat' dir='ltr'>Licuitue</span> <span class='ocrx_word' id='word_1_7' title='bbox 489 419 544 482; x_wconf 76' lang='lat' dir='ltr'>hoc</span> <span class='ocrx_word' id='word_1_8' title='bbox 566 418 611 480; x_wconf 87' lang='lat' dir='ltr'>D.</span> <span class='ocrx_word' id='word_1_9' title='bbox 632 417 772 485; x_wconf 79' lang='lat' dir='ltr'>Luttero</span> <span class='ocrx_word' id='word_1_10' title='bbox 788 419 917 504; x_wconf 76' lang='lat' dir='ltr'>facere?</span> 
     </span>
     <span class='ocr_line' id='line_1_3' title="bbox 131 508 1023 607; baseline 0.008 -29"><span class='ocrx_word' id='word_1_11' title='bbox 131 588 140 604; x_wconf 45' lang='lat'><strong>·</strong></span> <span class='ocrx_word' id='word_1_12' title='bbox 196 508 345 596; x_wconf 66' lang='lat' dir='ltr'>Quidni?</span> <span class='ocrx_word' id='word_1_13' title='bbox 380 516 467 598; x_wconf 85' lang='lat' dir='ltr'>Quia</span> <span class='ocrx_word' id='word_1_14' title='bbox 498 520 525 584; x_wconf 88' lang='grc'>1.</span> <span class='ocrx_word' id='word_1_15' title='bbox 555 541 660 603; x_wconf 90' lang='lat' dir='ltr'>neque</span> <span class='ocrx_word' id='word_1_16' title='bbox 689 518 824 607; x_wconf 80' lang='lat' dir='ltr'>Moyses</span> <span class='ocrx_word' id='word_1_17' title='bbox 850 518 885 583; x_wconf 92' lang='lat' dir='ltr'>in</span> <span class='ocrx_word' id='word_1_18' title='bbox 906 520 1023 607; x_wconf 78' lang='lat' dir='ltr'>repeti-</span> 
     </span>
     <span class='ocr_line' id='line_1_4' title="bbox 116 592 1025 688; baseline 0.009 -26"><span class='ocrx_word' id='word_1_19' title='bbox 116 592 197 664; x_wconf 76' lang='lat' dir='ltr'>tlone</span> <span class='ocrx_word' id='word_1_20' title='bbox 226 601 375 688; x_wconf 80' lang='lat' dir='ltr'>decalogi</span> <span class='ocrx_word' id='word_1_21' title='bbox 405 604 499 670; x_wconf 76' lang='lat' dir='ltr'>Dect.</span> <span class='ocrx_word' id='word_1_22' title='bbox 519 602 550 688; x_wconf 83' lang='lat'>5,</span> <span class='ocrx_word' id='word_1_23' title='bbox 582 604 622 669; x_wconf 82' lang='lat'>21</span> <span class='ocrx_word' id='word_1_24' title='bbox 657 626 777 669; x_wconf 90' lang='lat' dir='ltr'>nonum</span> <span class='ocrx_word' id='word_1_25' title='bbox 806 614 838 669; x_wconf 91' lang='lat' dir='ltr'>et</span> <span class='ocrx_word' id='word_1_26' title='bbox 865 604 1025 671; x_wconf 90' lang='lat' dir='ltr'>decimum</span> 
     </span>
     <span class='ocr_line' id='line_1_5' title="bbox 115 687 1022 837; baseline 0.006 -88"><span class='ocrx_word' id='word_1_27' title='bbox 115 687 451 837; x_wconf 43' lang='lat' dir='ltr'>pufaeEoepAEmpOepdem</span> <span class='ocrx_word' id='word_1_28' title='bbox 472 688 583 753; x_wconf 87' lang='lat' dir='ltr'>ordine</span> <span class='ocrx_word' id='word_1_29' title='bbox 603 689 769 837; x_wconf 62' lang='lat' dir='ltr'>ettiisdem</span> <span class='ocrx_word' id='word_1_30' title='bbox 789 690 905 778; x_wconf 81' lang='lat' dir='ltr'>verbis,</span> <span class='ocrx_word' id='word_1_31' title='bbox 927 690 1022 757; x_wconf 85' lang='lat' dir='ltr'>sicuti</span> 
     </span>
     <span class='ocr_line' id='line_1_6' title="bbox 198 794 662 841; baseline 0.013 -7"><span class='ocrx_word' id='word_1_32' title='bbox 198 795 266 836; x_wconf 80' lang='lat' dir='ltr'>co.</span> <span class='ocrx_word' id='word_1_33' title='bbox 428 794 662 841; x_wconf 90' lang='lat' dir='ltr'>commemora.</span> 
     </span>
     <span class='ocr_line' id='line_1_7' title="bbox 114 822 1023 943; baseline 0.003 -26"><span class='ocrx_word' id='word_1_34' title='bbox 114 854 137 943; x_wconf 60' lang='lat'>‚¹</span> <span class='ocrx_word' id='word_1_35' title='bbox 195 854 308 939; x_wconf 88' lang='lat' dir='ltr'>Neque</span> <span class='ocrx_word' id='word_1_36' title='bbox 333 822 366 924; x_wconf 59' lang='lat' dir='ltr'>’Z</span> <span class='ocrx_word' id='word_1_37' title='bbox 396 855 542 923; x_wconf 82' lang='lat' dir='ltr'>Christus</span> <span class='ocrx_word' id='word_1_38' title='bbox 568 881 673 942; x_wconf 90' lang='lat' dir='ltr'>neque</span> <span class='ocrx_word' id='word_1_39' title='bbox 704 858 826 922; x_wconf 85' lang='lat' dir='ltr'>Paulus</span> <span class='ocrx_word' id='word_1_40' title='bbox 848 852 1023 939; x_wconf 74' lang='grc' dir='ltr'><strong><em>ἀκρίβειαν</em></strong></span> 
     </span>
     <span class='ocr_line' id='line_1_8' title="bbox 112 940 1022 1028; baseline 0.003 -27"><span class='ocrx_word' id='word_1_41' title='bbox 112 949 153 995; x_wconf 85' lang='lat'>111</span> <span class='ocrx_word' id='word_1_42' title='bbox 173 940 384 1006; x_wconf 81' lang='lat' dir='ltr'>numeratione</span> <span class='ocrx_word' id='word_1_43' title='bbox 396 954 641 1028; x_wconf 86' lang='lat' dir='ltr'>praeceptorum</span> <span class='ocrx_word' id='word_1_44' title='bbox 658 944 844 1018; x_wconf 85' lang='lat' dir='ltr'>observant3</span> <span class='ocrx_word' id='word_1_45' title='bbox 866 941 920 1005; x_wconf 88' lang='lat' dir='ltr'>ille</span> <span class='ocrx_word' id='word_1_46' title='bbox 936 941 1022 1005; x_wconf 91' lang='lat' dir='ltr'>enim</span> 
     </span>
     <span class='ocr_line' id='line_1_9' title="bbox 111 1025 1021 1112; baseline 0.004 -26"><span class='ocrx_word' id='word_1_47' title='bbox 111 1032 255 1088; x_wconf 72' lang='lat' dir='ltr'>Octavum</span> <span class='ocrx_word' id='word_1_48' title='bbox 275 1028 461 1112; x_wconf 84' lang='lat' dir='ltr'>praeposuit</span> <span class='ocrx_word' id='word_1_49' title='bbox 476 1039 600 1112; x_wconf 91' lang='lat' dir='ltr'>quarto,</span> <span class='ocrx_word' id='word_1_50' title='bbox 622 1029 735 1095; x_wconf 82' lang='lat' dir='ltr'>Mattd.</span> <span class='ocrx_word' id='word_1_51' title='bbox 753 1030 801 1111; x_wconf 84' lang='lat'>19,</span> <span class='ocrx_word' id='word_1_52' title='bbox 826 1028 876 1093; x_wconf 90' lang='lat'>18.</span> <span class='ocrx_word' id='word_1_53' title='bbox 897 1029 945 1093; x_wconf 87' lang='grc'>19.</span> <span class='ocrx_word' id='word_1_54' title='bbox 968 1025 1021 1090; x_wconf 91' lang='lat' dir='ltr'>hic</span> 
     </span>
     <span class='ocr_line' id='line_1_10' title="bbox 110 1112 924 1199; baseline 0.011 -30"><span class='ocrx_word' id='word_1_55' title='bbox 110 1118 191 1171; x_wconf 80' lang='lat' dir='ltr'>vero</span> <span class='ocrx_word' id='word_1_56' title='bbox 209 1122 334 1174; x_wconf 87' lang='lat' dir='ltr'>sextum</span> <span class='ocrx_word' id='word_1_57' title='bbox 355 1113 540 1199; x_wconf 84' lang='lat' dir='ltr'>praeposuit</span> <span class='ocrx_word' id='word_1_58' title='bbox 560 1112 682 1198; x_wconf 88' lang='lat' dir='ltr'>quinto,</span> <span class='ocrx_word' id='word_1_59' title='bbox 704 1115 796 1179; x_wconf 79' lang='lat' dir='ltr'>Rom.</span> <span class='ocrx_word' id='word_1_60' title='bbox 821 1114 871 1189; x_wconf 86' lang='lat'>13,</span> <span class='ocrx_word' id='word_1_61' title='bbox 896 1113 924 1178; x_wconf 85' lang='lat'>9.</span> 
     </span>
    </p>
   </div>
   <div class='ocr_carea' id='block_1_3' title="bbox 107 1209 1025 1349">
    <p class='ocr_par' dir='ltr' id='par_1_3' title="bbox 107 1209 1025 1349">
     <span class='ocr_line' id='line_1_11' title="bbox 186 1209 1025 1284; baseline -0.004 -17"><span class='ocrx_word' id='word_1_62' title='bbox 186 1209 254 1274; x_wconf 74' lang='lat' dir='ltr'>(Non</span> <span class='ocrx_word' id='word_1_63' title='bbox 271 1211 359 1282; x_wconf 86' lang='lat' dir='ltr'>igitur</span> <span class='ocrx_word' id='word_1_64' title='bbox 376 1212 443 1267; x_wconf 88' lang='lat' dir='ltr'>ordo</span> <span class='ocrx_word' id='word_1_65' title='bbox 454 1219 676 1284; x_wconf 88' lang='lat' dir='ltr'>praeceptorum,</span> <span class='ocrx_word' id='word_1_66' title='bbox 694 1213 744 1268; x_wconf 90' lang='lat' dir='ltr'>sed</span> <span class='ocrx_word' id='word_1_67' title='bbox 757 1211 913 1268; x_wconf 86' lang='lat' dir='ltr'>observatio</span> <span class='ocrx_word' id='word_1_68' title='bbox 926 1229 1025 1267; x_wconf 87' lang='lat' dir='ltr'>eorun-</span> 
     </span>
     <span class='ocr_line' id='line_1_12' title="bbox 107 1266 526 1349; baseline 0.014 -19"><span class='ocrx_word' id='word_1_69' title='bbox 107 1266 182 1330; x_wconf 74' lang='lat' dir='ltr'>dem</span> <span class='ocrx_word' id='word_1_70' title='bbox 194 1279 316 1349; x_wconf 86' lang='lat' dir='ltr'>praecise</span> <span class='ocrx_word' id='word_1_71' title='bbox 334 1282 526 1349; x_wconf 86' lang='lat' dir='ltr'>attendenda.)</span> 
     </span>
    </p>
   </div>
   <div class='ocr_carea' id='block_1_4' title="bbox 205 1346 930 1467">
    <p class='ocr_par' dir='ltr' id='par_1_4' title="bbox 205 1346 930 1467">
     <span class='ocr_line' id='line_1_13' title="bbox 205 1346 930 1467; baseline 0.006 -4"><span class='ocrx_word' id='word_1_72' title='bbox 205 1399 280 1464; x_wconf 88' lang='lat' dir='ltr'>DE</span> <span class='ocrx_word' id='word_1_73' title='bbox 315 1399 705 1467; x_wconf 81' lang='lat' dir='ltr'><strong>IMPLETIONE</strong></span> <span class='ocrx_word' id='word_1_74' title='bbox 738 1346 930 1467; x_wconf 58' lang='lat' dir='ltr'><strong>LEGIS.</strong></span> 
     </span>
    </p>
   </div>
   <div class='ocr_carea' id='block_1_5' title="bbox 107 1505 1024 1790">
    <p class='ocr_par' dir='ltr' id='par_1_5' title="bbox 107 1505 1024 1790">
     <span class='ocr_line' id='line_1_14' title="bbox 107 1505 1024 1605; baseline -0.001 -22"><span class='ocrx_word' id='word_1_75' title='bbox 107 1505 146 1574; x_wconf 86' lang='lat'>1·</span> <span class='ocrx_word' id='word_1_76' title='bbox 186 1516 256 1595; x_wconf 72' lang='lat' dir='ltr'>Quia</span> <span class='ocrx_word' id='word_1_77' title='bbox 286 1531 331 1582; x_wconf 84' lang='lat' dir='ltr'>eet</span> <span class='ocrx_word' id='word_1_78' title='bbox 355 1521 430 1601; x_wconf 76' lang='lat' dir='ltr'>fluis</span> <span class='ocrx_word' id='word_1_79' title='bbox 461 1521 533 1605; x_wconf 76' lang='lat' dir='ltr'>lepis</span> <span class='ocrx_word' id='word_1_80' title='bbox 563 1523 755 1605; x_wconf 77' lang='lat' dir='ltr'>omniumque</span> <span class='ocrx_word' id='word_1_81' title='bbox 777 1546 812 1585; x_wconf 85' lang='lat' dir='ltr'>oc</span> <span class='ocrx_word' id='word_1_82' title='bbox 833 1521 1024 1604; x_wconf 63' lang='lat' dir='ltr'>singolorum</span> 
     </span>
     <span class='ocr_line' id='line_1_15' title="bbox 357 1605 786 1690; baseline 0 -23"><span class='ocrx_word' id='word_1_83' title='bbox 357 1616 593 1689; x_wconf 77' lang='lat' dir='ltr'>praeceptorum</span> <span class='ocrx_word' id='word_1_84' title='bbox 615 1605 786 1690; x_wconf 69' lang='grc' dir='ltr'>(1111119ίῖΙ</span> 
     </span>
     <span class='ocr_line' id='line_1_16' title="bbox 196 1703 1023 1790; baseline 0 -23"><span class='ocrx_word' id='word_1_85' title='bbox 196 1703 285 1767; x_wconf 81' lang='lat' dir='ltr'>Finis</span> <span class='ocrx_word' id='word_1_86' title='bbox 310 1704 474 1790; x_wconf 81' lang='lat' dir='ltr'>praecepti</span> <span class='ocrx_word' id='word_1_87' title='bbox 496 1716 544 1768; x_wconf 87' lang='lat' dir='ltr'>est</span> <span class='ocrx_word' id='word_1_88' title='bbox 568 1704 721 1782; x_wconf 66' lang='lat' dir='ltr'>charum,</span> <span class='ocrx_word' id='word_1_89' title='bbox 751 1722 798 1769; x_wconf 88' lang='lat' dir='ltr'>ex·</span> <span class='ocrx_word' id='word_1_90' title='bbox 813 1727 893 1790; x_wconf 93' lang='lat' dir='ltr'>puro</span> <span class='ocrx_word' id='word_1_91' title='bbox 917 1704 1023 1788; x_wconf 85' lang='lat' dir='ltr'>corde,</span> 
     </span>
    </p>
   </div>
   <div class='ocr_carea' id='block_1_6' title="bbox 103 1788 1024 1960">
    <p class='ocr_par' dir='ltr' id='par_1_6' title="bbox 103 1788 1024 1960">
     <span class='ocr_line' id='line_1_17' title="bbox 103 1788 1024 1872; baseline 0.007 -27"><span class='ocrx_word' id='word_1_92' title='bbox 103 1791 161 1845; x_wconf 69' lang='lat' dir='ltr'>ex</span> <span class='ocrx_word' id='word_1_93' title='bbox 179 1788 367 1853; x_wconf 87' lang='lat' dir='ltr'>conscientia</span> <span class='ocrx_word' id='word_1_94' title='bbox 389 1789 489 1866; x_wconf 92' lang='lat' dir='ltr'>bona,</span> <span class='ocrx_word' id='word_1_95' title='bbox 514 1813 554 1855; x_wconf 87' lang='lat' dir='ltr'>ex</span> <span class='ocrx_word' id='word_1_96' title='bbox 581 1790 644 1854; x_wconf 90' lang='lat' dir='ltr'>fide</span> <span class='ocrx_word' id='word_1_97' title='bbox 664 1812 729 1854; x_wconf 92' lang='lat' dir='ltr'>non</span> <span class='ocrx_word' id='word_1_98' title='bbox 750 1790 841 1867; x_wconf 89' lang='lat' dir='ltr'>ficta,</span> <span class='ocrx_word' id='word_1_99' title='bbox 860 1800 898 1853; x_wconf 92' lang='lat' dir='ltr'>ut</span> <span class='ocrx_word' id='word_1_100' title='bbox 919 1789 1024 1872; x_wconf 91' lang='lat' dir='ltr'>inquit</span> 
     </span>
     <span class='ocr_line' id='line_1_18' title="bbox 103 1873 531 1960; baseline 0.014 -26"><span class='ocrx_word' id='word_1_101' title='bbox 103 1873 271 1948; x_wconf 77' lang='lat' dir='ltr'>apostolus</span> <span class='ocrx_word' id='word_1_102' title='bbox 294 1875 323 1940; x_wconf 90' lang='lat'>1.</span> <span class='ocrx_word' id='word_1_103' title='bbox 349 1874 427 1940; x_wconf 81' lang='lat' dir='ltr'>Tim.</span> <span class='ocrx_word' id='word_1_104' title='bbox 452 1878 479 1960; x_wconf 91' lang='grc'>1,</span> <span class='ocrx_word' id='word_1_105' title='bbox 501 1875 531 1940; x_wconf 89' lang='lat'>5.</span> 
     </span>
    </p>
   </div>
   <div class='ocr_carea' id='block_1_7' title="bbox 106 1957 1026 2145">
    <p class='ocr_par' dir='ltr' id='par_1_7' title="bbox 106 1957 1026 2145">
     <span class='ocr_line' id='line_1_19' title="bbox 106 1957 1026 2062; baseline -0.001 -25"><span class='ocrx_word' id='word_1_106' title='bbox 106 1957 149 2031; x_wconf 70' lang='lat'>2.</span> <span class='ocrx_word' id='word_1_107' title='bbox 185 1976 324 2040; x_wconf 79' lang='lat' dir='ltr'>Potestne</span> <span class='ocrx_word' id='word_1_108' title='bbox 345 1976 434 2038; x_wconf 77' lang='lat' dir='ltr'>horno</span> <span class='ocrx_word' id='word_1_109' title='bbox 445 1979 545 2061; x_wconf 79' lang='lat' dir='ltr'>finem</span> <span class='ocrx_word' id='word_1_110' title='bbox 565 1977 645 2040; x_wconf 77' lang='lat' dir='ltr'>hauc</span> <span class='ocrx_word' id='word_1_111' title='bbox 657 1980 786 2062; x_wconf 79' lang='lat' dir='ltr'>assequi,</span> <span class='ocrx_word' id='word_1_112' title='bbox 810 1962 839 2041; x_wconf 82' lang='lat' dir='ltr'>et</span> <span class='ocrx_word' id='word_1_113' title='bbox 852 1977 945 2060; x_wconf 75' lang='lat' dir='ltr'>tepent</span> <span class='ocrx_word' id='word_1_114' title='bbox 959 1975 1026 2037; x_wconf 85' lang='lat' dir='ltr'>Dei</span> 
     </span>
     <span class='ocr_line' id='line_1_20' title="bbox 412 2061 717 2145; baseline 0 -22"><span class='ocrx_word' id='word_1_115' title='bbox 412 2061 550 2143; x_wconf 79' lang='lat' dir='ltr'>perfecte</span> <span class='ocrx_word' id='word_1_116' title='bbox 571 2061 717 2145; x_wconf 76' lang='lat' dir='ltr'>implere?</span> 
     </span>
    </p>
   </div>
   <div class='ocr_carea' id='block_1_8' title="bbox 105 2157 1024 2331">
    <p class='ocr_par' dir='ltr' id='par_1_8' title="bbox 105 2157 1024 2331">
     <span class='ocr_line' id='line_1_21' title="bbox 195 2157 1020 2246; baseline -0.002 -22"><span class='ocrx_word' id='word_1_117' title='bbox 195 2161 233 2224; x_wconf 93' lang='lat' dir='ltr'>In</span> <span class='ocrx_word' id='word_1_118' title='bbox 253 2170 339 2223; x_wconf 87' lang='lat' dir='ltr'>statu</span> <span class='ocrx_word' id='word_1_119' title='bbox 360 2159 491 2243; x_wconf 91' lang='lat' dir='ltr'>quidem</span> <span class='ocrx_word' id='word_1_120' title='bbox 512 2160 703 2246; x_wconf 84' lang='lat' dir='ltr'>integritatis</span> <span class='ocrx_word' id='word_1_121' title='bbox 733 2172 806 2225; x_wconf 89' lang='lat' dir='ltr'>ante</span> <span class='ocrx_word' id='word_1_122' title='bbox 827 2160 953 2245; x_wconf 89' lang='lat' dir='ltr'>lapsum</span> <span class='ocrx_word' id='word_1_123' title='bbox 973 2157 1020 2222; x_wconf 92' lang='lat' dir='ltr'>le-</span> 
     </span>
     <span class='ocr_line' id='line_1_22' title="bbox 105 2243 1024 2331; baseline 0.004 -28"><span class='ocrx_word' id='word_1_124' title='bbox 105 2248 187 2314; x_wconf 75' lang='lat' dir='ltr'>gem</span> <span class='ocrx_word' id='word_1_125' title='bbox 205 2244 270 2308; x_wconf 92' lang='lat' dir='ltr'>Dei</span> <span class='ocrx_word' id='word_1_126' title='bbox 291 2244 432 2330; x_wconf 87' lang='lat' dir='ltr'>perfecte</span> <span class='ocrx_word' id='word_1_127' title='bbox 453 2244 585 2331; x_wconf 90' lang='lat' dir='ltr'>implere</span> <span class='ocrx_word' id='word_1_128' title='bbox 606 2257 747 2331; x_wconf 84' lang='lat' dir='ltr'>poterat,</span> <span class='ocrx_word' id='word_1_129' title='bbox 776 2267 862 2310; x_wconf 90' lang='lat' dir='ltr'>nuno</span> <span class='ocrx_word' id='word_1_130' title='bbox 889 2266 964 2309; x_wconf 88' lang='lat' dir='ltr'>vero</span> <span class='ocrx_word' id='word_1_131' title='bbox 988 2243 1024 2306; x_wconf 90' lang='lat' dir='ltr'>in</span> 
     </span>
    </p>
   </div>
   <div class='ocr_carea' id='block_1_9' title="bbox 106 2328 1102 2417">
    <p class='ocr_par' dir='ltr' id='par_1_9' title="bbox 106 2328 1102 2417">
     <span class='ocr_line' id='line_1_23' title="bbox 106 2328 1102 2417; baseline 0 -26"><span class='ocrx_word' id='word_1_132' title='bbox 106 2329 195 2392; x_wconf 71' lang='lat' dir='ltr'>8tatu</span> <span class='ocrx_word' id='word_1_133' title='bbox 207 2329 427 2415; x_wconf 88' lang='lat' dir='ltr'>corruptionis</span> <span class='ocrx_word' id='word_1_134' title='bbox 442 2341 515 2415; x_wconf 90' lang='lat' dir='ltr'>post</span> <span class='ocrx_word' id='word_1_135' title='bbox 539 2330 664 2417; x_wconf 83' lang='lat' dir='ltr'>lapsum</span> <span class='ocrx_word' id='word_1_136' title='bbox 683 2331 826 2416; x_wconf 88' lang='lat' dir='ltr'>perfecta</span> <span class='ocrx_word' id='word_1_137' title='bbox 840 2328 1024 2394; x_wconf 88' lang='lat' dir='ltr'>obedientia</span> <span class='ocrx_word' id='word_1_138' title='bbox 1097 2397 1102 2409; x_wconf 77' lang='lat'><em>.</em></span> 
     </span>
    </p>
   </div>
   <div class='ocr_carea' id='block_1_10' title="bbox 105 2393 924 2513">
    <p class='ocr_par' dir='ltr' id='par_1_10' title="bbox 105 2393 924 2513">
     <span class='ocr_line' id='line_1_24' title="bbox 105 2393 924 2513; baseline 0.005 -38"><span class='ocrx_word' id='word_1_139' title='bbox 105 2393 179 2495; x_wconf 62' lang='lat' dir='ltr'>legi</span> <span class='ocrx_word' id='word_1_140' title='bbox 197 2413 380 2478; x_wconf 86' lang='lat' dir='ltr'>satisfacere</span> <span class='ocrx_word' id='word_1_141' title='bbox 401 2414 521 2479; x_wconf 89' lang='lat' dir='ltr'>homini</span> <span class='ocrx_word' id='word_1_142' title='bbox 542 2416 636 2513; x_wconf 89' lang='lat' dir='ltr'>plane</span> <span class='ocrx_word' id='word_1_143' title='bbox 658 2416 739 2479; x_wconf 89' lang='lat' dir='ltr'>nulli</span> <span class='ocrx_word' id='word_1_144' title='bbox 761 2414 924 2502; x_wconf 89' lang='lat' dir='ltr'>possibile.</span> 
     </span>
    </p>
   </div>
   <div class='ocr_carea' id='block_1_11' title="bbox 110 2513 1023 3063">
    <p class='ocr_par' dir='ltr' id='par_1_11' title="bbox 110 2513 1023 3063">
     <span class='ocr_line' id='line_1_25' title="bbox 183 2513 1023 2596; baseline -0.001 -28"><span class='ocrx_word' id='word_1_145' title='bbox 183 2513 305 2576; x_wconf 80' lang='lat' dir='ltr'>(Poterat</span> <span class='ocrx_word' id='word_1_146' title='bbox 321 2515 348 2569; x_wconf 94' lang='lat' dir='ltr'>le</span> <span class='ocrx_word' id='word_1_147' title='bbox 370 2531 413 2569; x_wconf 91' lang='lat' dir='ltr'>em</span> <span class='ocrx_word' id='word_1_148' title='bbox 430 2515 544 2596; x_wconf 90' lang='lat' dir='ltr'>implere</span> <span class='ocrx_word' id='word_1_149' title='bbox 564 2515 645 2571; x_wconf 92' lang='lat' dir='ltr'>homo</span> <span class='ocrx_word' id='word_1_150' title='bbox 659 2516 688 2569; x_wconf 94' lang='lat' dir='ltr'>in</span> <span class='ocrx_word' id='word_1_151' title='bbox 701 2520 802 2571; x_wconf 85' lang='lat' dir='ltr'>natura</span> <span class='ocrx_word' id='word_1_152' title='bbox 813 2517 937 2586; x_wconf 85' lang='lat' dir='ltr'>integra:</span> <span class='ocrx_word' id='word_1_153' title='bbox 955 2514 1023 2584; x_wconf 87' lang='lat' dir='ltr'>quia</span> 
     </span>
     <span class='ocr_line' id='line_1_26' title="bbox 110 2581 1022 2655; baseline 0.002 -21"><span class='ocrx_word' id='word_1_154' title='bbox 110 2581 235 2650; x_wconf 54' lang='lat' dir='ltr'>Ponditus</span> <span class='ocrx_word' id='word_1_155' title='bbox 254 2589 315 2639; x_wconf 85' lang='lat' dir='ltr'>erat</span> <span class='ocrx_word' id='word_1_156' title='bbox 391 2583 541 2654; x_wconf 77' lang='lat' dir='ltr'>imaginem</span> <span class='ocrx_word' id='word_1_157' title='bbox 559 2583 614 2639; x_wconf 90' lang='lat' dir='ltr'>Dei</span> <span class='ocrx_word' id='word_1_158' title='bbox 640 2585 669 2637; x_wconf 90' lang='lat' dir='ltr'>in</span> <span class='ocrx_word' id='word_1_159' title='bbox 686 2585 810 2655; x_wconf 81' lang='lat' dir='ltr'>perfecta</span> <span class='ocrx_word' id='word_1_160' title='bbox 828 2583 975 2639; x_wconf 83' lang='lat' dir='ltr'>sanctitate</span> <span class='ocrx_word' id='word_1_161' title='bbox 993 2586 1022 2636; x_wconf 89' lang='lat' dir='ltr'>et</span> 
     </span>
     <span class='ocr_line' id='line_1_27' title="bbox 111 2648 1021 2722; baseline -0.003 -16"><span class='ocrx_word' id='word_1_162' title='bbox 111 2648 229 2720; x_wconf 74' lang='lat' dir='ltr'>lustitia,</span> <span class='ocrx_word' id='word_1_163' title='bbox 251 2651 321 2706; x_wconf 78' lang='lat' dir='ltr'>Gen.</span> <span class='ocrx_word' id='word_1_164' title='bbox 341 2656 366 2720; x_wconf 90' lang='lat'>1,</span> <span class='ocrx_word' id='word_1_165' title='bbox 384 2654 431 2708; x_wconf 82' lang='lat'>20.</span> <span class='ocrx_word' id='word_1_166' title='bbox 462 2654 567 2722; x_wconf 69' lang='lat' dir='ltr'>Ephori.</span> <span class='ocrx_word' id='word_1_167' title='bbox 587 2657 612 2721; x_wconf 74' lang='lat'>4,</span> <span class='ocrx_word' id='word_1_168' title='bbox 634 2656 687 2719; x_wconf 73' lang='lat' dir='ltr'>2t,·</span> <span class='ocrx_word' id='word_1_169' title='bbox 706 2654 736 2708; x_wconf 92' lang='lat' dir='ltr'>in</span> <span class='ocrx_word' id='word_1_170' title='bbox 753 2660 853 2707; x_wconf 86' lang='lat' dir='ltr'>natura</span> <span class='ocrx_word' id='word_1_171' title='bbox 870 2653 1021 2721; x_wconf 85' lang='lat' dir='ltr'>depravata</span> 
     </span>
     <span class='ocr_line' id='line_1_28' title="bbox 114 2719 1022 2792; baseline -0.004 -17"><span class='ocrx_word' id='word_1_172' title='bbox 114 2722 174 2769; x_wconf 71' lang='lat'><strong>¹¹01]</strong></span> <span class='ocrx_word' id='word_1_173' title='bbox 192 2725 280 2789; x_wconf 88' lang='lat' dir='ltr'>potest</span> <span class='ocrx_word' id='word_1_174' title='bbox 305 2719 381 2774; x_wconf 85' lang='lat' dir='ltr'>ullus</span> <span class='ocrx_word' id='word_1_175' title='bbox 403 2719 493 2775; x_wconf 89' lang='lat' dir='ltr'>homo.</span> <span class='ocrx_word' id='word_1_176' title='bbox 538 2721 643 2792; x_wconf 84' lang='lat' dir='ltr'>Excipe</span> <span class='ocrx_word' id='word_1_177' title='bbox 668 2722 808 2777; x_wconf 82' lang='lat' dir='ltr'>Christum</span> <span class='ocrx_word' id='word_1_178' title='bbox 833 2719 1022 2792; x_wconf 71' lang='lat' dir='ltr'>erdvtpunov</span> 
     </span>
     <span class='ocr_line' id='line_1_29' title="bbox 117 2772 1022 2860; baseline -0.001 -19"><span class='ocrx_word' id='word_1_179' title='bbox 117 2772 203 2841; x_wconf 74' lang='lat' dir='ltr'>Deum</span> <span class='ocrx_word' id='word_1_180' title='bbox 215 2788 361 2851; x_wconf 85' lang='lat' dir='ltr'>hominem,</span> <span class='ocrx_word' id='word_1_181' title='bbox 399 2789 430 2841; x_wconf 93' lang='lat' dir='ltr'>ui</span> <span class='ocrx_word' id='word_1_182' title='bbox 443 2796 563 2859; x_wconf 83' lang='lat' dir='ltr'>sanctus,</span> <span class='ocrx_word' id='word_1_183' title='bbox 582 2790 722 2857; x_wconf 89' lang='lat' dir='ltr'>innocens,</span> <span class='ocrx_word' id='word_1_184' title='bbox 741 2790 911 2860; x_wconf 84' lang='lat' dir='ltr'>impollutus,</span> <span class='ocrx_word' id='word_1_185' title='bbox 930 2803 1022 2856; x_wconf 85' lang='lat' dir='ltr'>segre·</span> 
     </span>
     <span class='ocr_line' id='line_1_30' title="bbox 124 2806 1023 2936; baseline -0.001 -27"><span class='ocrx_word' id='word_1_186' title='bbox 124 2857 197 2916; x_wconf 64' lang='lat' dir='ltr'>tatus</span> <span class='ocrx_word' id='word_1_187' title='bbox 211 2873 228 2910; x_wconf 91' lang='lat' dir='ltr'>a</span> <span class='ocrx_word' id='word_1_188' title='bbox 242 2806 447 2927; x_wconf 77' lang='lat' dir='ltr'>peccatoridus,</span> <span class='ocrx_word' id='word_1_189' title='bbox 463 2860 551 2916; x_wconf 83' lang='lat' dir='ltr'>Hebr.</span> <span class='ocrx_word' id='word_1_190' title='bbox 567 2861 589 2928; x_wconf 88' lang='grc'>7,</span> <span class='ocrx_word' id='word_1_191' title='bbox 602 2862 647 2926; x_wconf 87' lang='grc'>26,</span> <span class='ocrx_word' id='word_1_192' title='bbox 665 2859 694 2912; x_wconf 90' lang='lat' dir='ltr'>in</span> <span class='ocrx_word' id='word_1_193' title='bbox 714 2859 794 2928; x_wconf 85' lang='lat' dir='ltr'>cujus</span> <span class='ocrx_word' id='word_1_194' title='bbox 812 2875 859 2913; x_wconf 89' lang='lat' dir='ltr'>ore</span> <span class='ocrx_word' id='word_1_195' title='bbox 876 2872 933 2936; x_wconf 41' lang='lat' dir='ltr'>neo·</span> <span class='ocrx_word' id='word_1_196' title='bbox 943 2855 1023 2909; x_wconf 66' lang='lat' dir='ltr'>daus</span> 
     </span>
     <span class='ocr_line' id='line_1_31' title="bbox 124 2924 1021 2998; baseline 0.002 -22"><span class='ocrx_word' id='word_1_197' title='bbox 124 2928 173 2995; x_wconf 66' lang='lat'>1¹90</span> <span class='ocrx_word' id='word_1_198' title='bbox 187 2924 260 2980; x_wconf 86' lang='lat' dir='ltr'>dolus</span> <span class='ocrx_word' id='word_1_199' title='bbox 280 2927 418 2993; x_wconf 81' lang='lat' dir='ltr'>inventus,</span> <span class='ocrx_word' id='word_1_200' title='bbox 439 2931 463 2983; x_wconf 90' lang='lat'>1.</span> <span class='ocrx_word' id='word_1_201' title='bbox 475 2928 555 2983; x_wconf 78' lang='lat' dir='ltr'>Patr.</span> <span class='ocrx_word' id='word_1_202' title='bbox 570 2931 596 2995; x_wconf 87' lang='lat'>2,</span> <span class='ocrx_word' id='word_1_203' title='bbox 616 2930 663 2991; x_wconf 87' lang='lat'>22,</span> <span class='ocrx_word' id='word_1_204' title='bbox 681 2927 799 2998; x_wconf 88' lang='lat' dir='ltr'>ideoque</span> <span class='ocrx_word' id='word_1_205' title='bbox 816 2927 908 2997; x_wconf 85' lang='lat' dir='ltr'>legem</span> <span class='ocrx_word' id='word_1_206' title='bbox 925 2924 1021 2994; x_wconf 86' lang='lat' dir='ltr'>rmple·</span> 
     </span>
     <span class='ocr_line' id='line_1_32' title="bbox 126 2990 404 3063; baseline -0.018 -11"><span class='ocrx_word' id='word_1_207' title='bbox 126 2990 170 3052; x_wconf 64' lang='lat' dir='ltr'>”t</span> <span class='ocrx_word' id='word_1_208' title='bbox 182 2992 278 3050; x_wconf 72' lang='lat' dir='ltr'>Muta.</span> <span class='ocrx_word' id='word_1_209' title='bbox 297 2998 324 3063; x_wconf 79' lang='lat'>5,</span> <span class='ocrx_word' id='word_1_210' title='bbox 342 2994 404 3063; x_wconf 87' lang='lat'><em>17.)</em></span> 
     </span>
    </p>
   </div>
   <div class='ocr_carea' id='block_1_12' title="bbox 432 3080 700 3159">
    <p class='ocr_par' dir='ltr' id='par_1_12' title="bbox 432 3080 700 3159">
     <span class='ocr_line' id='line_1_33' title="bbox 432 3080 700 3159; baseline -0.004 -13"><span class='ocrx_word' id='word_1_211' title='bbox 432 3082 461 3148; x_wconf 87' lang='lat'>3.</span> <span class='ocrx_word' id='word_1_212' title='bbox 501 3080 604 3159; x_wconf 79' lang='lat' dir='ltr'>Quare</span> <span class='ocrx_word' id='word_1_213' title='bbox 624 3082 700 3145; x_wconf 75' lang='lat' dir='ltr'>hoc?</span> 
     </span>
    </p>
   </div>
   <div class='ocr_carea' id='block_1_13' title="bbox 60 3176 1023 3353">
    <p class='ocr_par' dir='ltr' id='par_1_13' title="bbox 60 3176 1023 3353">
     <span class='ocr_line' id='line_1_34' title="bbox 60 3176 1022 3268; baseline -0.006 -20"><span class='ocrx_word' id='word_1_214' title='bbox 60 3252 62 3257; x_wconf 70' lang='grc'><strong>,</strong></span> <span class='ocrx_word' id='word_1_215' title='bbox 128 3176 133 3183; x_wconf 68' lang='grc'><strong>’</strong></span> <span class='ocrx_word' id='word_1_216' title='bbox 203 3177 283 3259; x_wconf 77' lang='lat' dir='ltr'>Quia</span> <span class='ocrx_word' id='word_1_217' title='bbox 303 3179 430 3245; x_wconf 86' lang='lat' dir='ltr'>disertis</span> <span class='ocrx_word' id='word_1_218' title='bbox 451 3183 557 3247; x_wconf 89' lang='lat' dir='ltr'>verbis</span> <span class='ocrx_word' id='word_1_219' title='bbox 573 3181 739 3268; x_wconf 86' lang='lat' dir='ltr'>Scriptura</span> <span class='ocrx_word' id='word_1_220' title='bbox 754 3192 897 3257; x_wconf 83' lang='lat' dir='ltr'>testatur,</span> <span class='ocrx_word' id='word_1_221' title='bbox 915 3180 1022 3265; x_wconf 87' lang='lat' dir='ltr'>legem</span> 
     </span>
     <span class='ocr_line' id='line_1_35' title="bbox 60 3263 1023 3353; baseline -0.004 -21"><span class='ocrx_word' id='word_1_222' title='bbox 60 3266 64 3353; x_wconf 77' lang='grc'><strong>,</strong></span> <span class='ocrx_word' id='word_1_223' title='bbox 137 3269 192 3322; x_wconf 65' lang='lat'>0⁸⁸0</span> <span class='ocrx_word' id='word_1_224' title='bbox 206 3263 325 3352; x_wconf 91' lang='lat' dir='ltr'>jugum,</span> <span class='ocrx_word' id='word_1_225' title='bbox 348 3266 435 3349; x_wconf 92' lang='lat' dir='ltr'>quod</span> <span class='ocrx_word' id='word_1_226' title='bbox 456 3290 561 3352; x_wconf 91' lang='lat' dir='ltr'>neque</span> <span class='ocrx_word' id='word_1_227' title='bbox 583 3289 653 3345; x_wconf 89' lang='lat' dir='ltr'>nos,</span> <span class='ocrx_word' id='word_1_228' title='bbox 675 3289 778 3351; x_wconf 91' lang='lat' dir='ltr'>neque</span> <span class='ocrx_word' id='word_1_229' title='bbox 800 3276 905 3352; x_wconf 89' lang='lat' dir='ltr'>patres</span> <span class='ocrx_word' id='word_1_230' title='bbox 921 3263 1023 3330; x_wconf 90' lang='lat' dir='ltr'>nostri</span> 
     </span>
    </p>
   </div>
   <div class='ocr_carea' id='block_1_14' title="bbox 0 0 1131 3772">
    <p class='ocr_par' dir='ltr' id='par_1_14' title="bbox 0 0 1131 3772">
     <span class='ocr_line' id='line_1_36' title="bbox 0 0 1131 3772; baseline 0 0"><span class='ocrx_word' id='word_1_231' title='bbox 0 0 1131 3772; x_wconf 95' lang='lat' dir='ltr'> </span> 
     </span>
    </p>
   </div>
  </div>
 </body>
</html>
