2250 3772
106 208 172 295 '2'80
242 226 349 314 Caput
369 227 412 296 ΙΙ,
455 228 508 294 De
528 228 675 315 symbolo
698 228 885 317 apostolico.

106 380 185 466 ilario,
211 398 275 452 Act.
290 401 317 467 2,
336 400 391 468 365
420 396 534 465 occisio,
565 398 655 468 Apoc.
674 400 772 467 5,12,·
799 393 961 452 resuscitatio

109 466 234 522 mortuis.
257 469 320 522 Act.
341 470 367 533 2,
386 469 424 519 32
433 487 443 533 ;
462 485 484 520 c.
505 470 532 533 3,
551 471 593 524 15.
613 475 639 519 et
656 485 679 521 c.
691 470 736 532 10,
759 470 811 535 405
829 463 970 533 unctiqtlr

109 555 135 590 a.
156 539 192 589 38
198 557 209 604 ,·
227 535 384 591 obedientia
402 534 580 604 humilitatis,
605 536 713 605 Philip.
733 538 760 598 2,
778 538 810 604 8,·
829 533 970 609 χάρισμαι

106 605 184 658 natio
201 605 340 676 gratuita,
356 624 379 658 o.
398 607 432 668 9,·
456 605 522 658 item
541 603 626 658 verba
637 604 718 671 fieri,
738 604 826 659 Hebr.
845 608 869 669 1,
886 606 915 666 4,

107 672 223 727 stantior
240 672 349 744 angelis
370 673 467 739 factare
493 678 522 727 et
544 674 659 742 facere,
688 674 783 726 Actor.
801 675 828 736 2,
844 674 904 726 36.-
958 685 970 723 u

107 742 207 796 Jerum
224 740 375 796 Dominum
391 743 479 808 flacit:
504 742 553 794 abi
574 759 640 795 voce
658 741 970 795 demonstrativam

111 817 194 862 tatem
215 809 325 863 Christi
341 812 484 878 desipiant,
509 811 602 864 Basil.
623 810 641 863 l.
664 817 688 864 2.
707 816 805 864 contm
821 809 967 864 Eunomt

107 881 821 1017 ili‘liaiiiiuiitmiqiili⁸⁸imreiieiii⁰deiktirimi
840 879 970 1019 pq&

194 1068 223 1132 3.
258 1066 298 1130 ln
334 1066 501 1153 Scriptura
537 1069 730 1151 quandoque
766 1062 970 1132 circumstanti

108 1162 213 1216 certae
234 1153 471 1238 exprimuntur,
497 1175 579 1236 quae
606 1153 710 1240 ipsam
735 1152 908 1217 humanam
925 1160 970 1215 nat

106 1260 175 1301 ram
195 1260 344 1325 expresse
367 1248 548 1304 connotant.

177 1355 231 1421 (Ut
246 1360 330 1437 puta:
352 1361 374 1409 1.
393 1354 602 1408 circumstantia
620 1354 759 1425 temporis.
790 1353 837 1410 Sic
847 1356 923 1409 Dor.
931 1354 970 1420 a:

107 1423 300 1479 determimtae
318 1430 383 1479 sunt
400 1425 579 1494 septuaginta
595 1423 784 1479 hebdomades
808 1424 845 1478 ad
861 1418 970 1494 ungendi

107 1500 234 1546 sanctum
254 1499 425 1560 sanctomm3
448 1494 514 1548 Job.
533 1497 577 1557 17,
596 1499 629 1545 1:
665 1493 766 1562 Pater,
784 1493 863 1548 venit
880 1493 970 1545 borae

106 1578 132 1616 a.
158 1565 183 1614 5.
210 1580 284 1614 runc
304 1561 431 1632 glorifica
453 1578 505 1615 me.
555 1567 577 1616 2,
606 1561 820 1615 Circumstantia
846 1560 958 1631 partiam

109 1629 277 1700 qualitatum
295 1630 430 1700 corporis3
450 1630 489 1684 sic
508 1629 701 1684 describuntur
712 1629 778 1684 Filii
789 1630 907 1685 hominis
924 1642 970 1706 cap

105 1698 209 1768 capilli,
229 1698 310 1766 oculi,
325 1699 424 1775 pedes,
444 1698 538 1764 facies,
558 1716 597 1765 os,
615 1716 676 1766 vox,
695 1699 793 1753 dextra
813 1704 867 1754 etc.
907 1696 970 1751 oter

106 1767 250 1822 ambulare
270 1768 299 1821 in
318 1769 408 1823 medio
427 1767 671 1837 candelabrorum,
695 1771 784 1837 Apoc.
806 1771 831 1833 1,
850 1770 887 1820 13
903 1774 926 1821 ct
939 1780 970 1832 sq

106 1835 207 1908 Agnus
229 1842 287 1891 stat
303 1837 382 1908 quasi
401 1843 550 1903 mactatus,
576 1838 666 1906 Apoc.
687 1841 712 1905 5,
733 1840 763 1901 6,
782 1842 811 1891 et
829 1836 970 1907 dignasse

107 1922 174 1975 pere
195 1906 311 1976 gloriam
329 1912 397 1972 etc,
422 1925 446 1959 v,
467 1911 510 1958 12.
547 1904 646 1959 Omnia
668 1905 787 1975 pedibus
808 1907 868 1975 ejus
886 1904 970 1974 subjet

107 1976 156 2030 Pa.
177 1980 201 2042 8,
222 1981 245 2030 7.
280 1975 365 2030 Pater
383 1975 475 2030 omnia
494 1975 542 2027 dat
559 1974 588 2027 in
605 1992 703 2028 manus
721 1975 793 2040 Filii,
812 1975 880 2028 ιῙυΙι.
894 1979 921 2036 3,
938 1972 968 2024 35

192 2112 343 2196 Denique
374 2113 404 2178 4.
425 2110 589 2196 Scriptura
611 2109 837 2174 exaltationem
858 2106 970 2174 describ

108 2195 201 2278 quasi
230 2219 427 2279 consequens
458 2196 619 2281 quoddam
648 2194 873 2259 exinanitionis
893 2206 923 2259 et
940 2213 970 2278 ps

106 2279 214 2343 sionis.
258 2283 297 2345 E.
320 2282 494 2345 secundum
516 2305 613 2364 quam
640 2292 786 2344 naturam
806 2290 855 2344 est
876 2280 970 2344 exinu

106 2375 158 2427 tus
192 2376 224 2429 et
255 2388 385 2452 passus,
418 2368 592 2429 secundum
629 2365 762 2429 eandem
791 2375 823 2428 et
852 2365 970 2429 exaltan·

106 2449 211 2533 Atqui
232 2450 411 2514 exinanitus
442 2462 472 2514 et
502 2474 615 2536 passus
638 2461 686 2514 est
710 2449 887 2513 secundum
907 2450 970 2513 hum

105 2557 181 2599 nam
202 2546 356 2600 naturam.
379 2537 418 2601 E.

176 2649 232 2710 (De
249 2656 371 2705 torrente
390 2652 419 2706 in
439 2653 484 2706 via
501 2652 587 2720 bibet,
603 2659 756 2720 propterea
775 2650 909 2704 exaltabit
924 2661 970 2716 eall

103 2720 154 2773 Pa.
167 2722 362 2775 Honoravit.
389 2723 447 2775 Per
465 2722 626 2790 pacatorem
644 2720 790 2791 oportebat
807 2720 898 2788 ipsum
915 2718 970 2772 inm

106 2788 136 2842 in
152 2788 277 2860 gloriam,
295 2790 364 2844 [aar.
385 2793 428 2858 24,
448 2794 493 2845 26.
533 2789 673 2844 Obediens
692 2789 784 2843 factus
797 2794 842 2842 est
854 2788 891 2842 ad
902 2787 970 2841 mort

104 2873 195 2928 usque
207 2857 311 2927 crucis,
348 2867 503 2928 eapropter
513 2859 603 2927 ipsum
613 2858 690 2913 Deus
699 2856 923 2926 superexaltavit,
938 2850 970 2929 Pl

104 2929 132 2994 2,
151 2929 175 2979 8.
194 2929 220 2982 9.
261 2877 348 2984 Consi
366 2929 417 2981 Pa.
439 2936 463 2995 8,
483 2930 508 2980 6.
549 2928 634 2980 Hebr.
654 2930 681 2986 2,
700 2930 724 2978 9,
764 2925 847 2979 Facit
862 2927 916 2980 huc
932 2934 970 2977 ssu

104 3000 134 3048 et
159 3012 246 3050 nexus
268 2997 353 3062 symb.
379 3004 469 3064 oport.
494 3003 520 3048 et
547 2997 621 3062 Aac.
651 2995 728 3063 cons.
756 3000 807 3050 art.
834 3000 859 3051 3.
886 2997 970 3064 papi

105 3062 243 3117 Ascendit
260 3064 296 3117 ad
315 3065 432 3125 coelum,
452 3068 483 3117 ut
502 3064 598 3119 sedeat
615 3064 650 3117 ad
671 3064 795 3118 dextram
807 3061 863 3118 Dei
877 3070 928 3118 eto.
953 3054 970 3112 1]

105 3130 224 3186 ridicula
242 3132 315 3191 foret
331 3132 542 3202 dociteyeorla:
561 3133 686 3186 Christus
705 3149 803 3201 passus
820 3137 864 3186 est
880 3142 962 3191 cama

106 3200 360 3269 superexaltaretur
384 3201 536 3256 secundum
555 3201 735 3256 divinitatem.
770 3203 883 3254 Errant
901 3197 970 3322 iffi

924 3284 939 3322 e

23 3339 27 3347 Ι
107 3269 292 3338 Matutam,
311 3270 360 3342 qui
378 3271 445 3325 data
461 3269 531 3325 haec
550 3269 659 3325 Christo
677 3270 706 3323 in
723 3277 848 3340 tempore
868 3277 890 3327 t.
