<?xml version="1.0" encoding="UTF-8"?>
<!DOCTYPE html PUBLIC "-//W3C//DTD XHTML 1.0 Transitional//EN"
    "http://www.w3.org/TR/xhtml1/DTD/xhtml1-transitional.dtd">
<html xmlns="http://www.w3.org/1999/xhtml" xml:lang="en" lang="en">
 <head>
  <title>
</title>
<meta http-equiv="Content-Type" content="text/html;charset=utf-8" />
  <meta name='ocr-system' content='tesseract 3.04.00' />
  <meta name='ocr-capabilities' content='ocr_page ocr_carea ocr_par ocr_line ocrx_word'/>
</head>
<body>
  <div class='ocr_page' id='page_1' title='image "./dconradidieteri00dietgoog_0328.png"; bbox 0 0 2250 3772; ppageno 0'>
   <div class='ocr_carea' id='block_1_1' title="bbox 346 246 967 315">
    <p class='ocr_par' dir='ltr' id='par_1_1' title="bbox 346 246 967 315">
     <span class='ocr_line' id='line_1_1' title="bbox 346 246 967 315; baseline 0.008 -5"><span class='ocrx_word' id='word_1_1' title='bbox 346 246 399 311; x_wconf 90' lang='lat' dir='ltr'>De</span> <span class='ocrx_word' id='word_1_2' title='bbox 421 247 526 311; x_wconf 83' lang='lat' dir='ltr'>officio</span> <span class='ocrx_word' id='word_1_3' title='bbox 547 246 675 315; x_wconf 83' lang='lat' dir='ltr'>Christi.</span> <span class='ocrx_word' id='word_1_4' title='bbox 903 249 967 315; x_wconf 81' lang='lat'>295</span> 
     </span>
    </p>
   </div>
   <div class='ocr_carea' id='block_1_2' title="bbox 86 414 965 607">
    <p class='ocr_par' dir='ltr' id='par_1_2' title="bbox 86 414 965 607">
     <span class='ocr_line' id='line_1_2' title="bbox 86 414 965 484; baseline 0.002 -17"><span class='ocrx_word' id='word_1_5' title='bbox 86 414 134 467; x_wconf 76' lang='grc'>111</span> <span class='ocrx_word' id='word_1_6' title='bbox 143 414 265 482; x_wconf 76' lang='lat' dir='ltr'>futuro,</span> <span class='ocrx_word' id='word_1_7' title='bbox 293 414 339 467; x_wconf 77' lang='lat' dir='ltr'>ou</span> <span class='ocrx_word' id='word_1_8' title='bbox 357 416 388 468; x_wconf 82' lang='lat' dir='ltr'>in</span> <span class='ocrx_word' id='word_1_9' title='bbox 399 417 462 483; x_wconf 80' lang='lat' dir='ltr'>fide</span> <span class='ocrx_word' id='word_1_10' title='bbox 481 416 653 484; x_wconf 76' lang='lat' dir='ltr'>inchoatam,</span> <span class='ocrx_word' id='word_1_11' title='bbox 674 418 704 469; x_wconf 81' lang='lat' dir='ltr'>a&#39;n</span> <span class='ocrx_word' id='word_1_12' title='bbox 715 416 822 484; x_wconf 81' lang='lat' dir='ltr'>futuro</span> <span class='ocrx_word' id='word_1_13' title='bbox 840 434 965 470; x_wconf 82' lang='lat' dir='ltr'>cousum-</span> 
     </span>
     <span class='ocr_line' id='line_1_3' title="bbox 86 483 965 607; baseline 0.006 -72"><span class='ocrx_word' id='word_1_14' title='bbox 86 484 186 537; x_wconf 74' lang='lat' dir='ltr'>madan</span> <span class='ocrx_word' id='word_1_15' title='bbox 200 498 259 551; x_wconf 78' lang='lat' dir='ltr'>par</span> <span class='ocrx_word' id='word_1_16' title='bbox 277 483 407 551; x_wconf 64' lang='lat' dir='ltr'>gloriam,</span> <span class='ocrx_word' id='word_1_17' title='bbox 424 483 488 538; x_wconf 88' lang='lat' dir='ltr'>vide</span> <span class='ocrx_word' id='word_1_18' title='bbox 505 486 829 607; x_wconf 52' lang='grc' dir='ltr'><em>1111111111111ἱ111.</em></span> <span class='ocrx_word' id='word_1_19' title='bbox 847 485 885 539; x_wconf 84' lang='lat' dir='ltr'>ad</span> <span class='ocrx_word' id='word_1_20' title='bbox 902 485 965 540; x_wconf 82' lang='lat' dir='ltr'>Gal.</span> 
     </span>
    </p>
   </div>
   <div class='ocr_carea' id='block_1_3' title="bbox 86 550 964 690">
    <p class='ocr_par' dir='ltr' id='par_1_3' title="bbox 86 550 964 690">
     <span class='ocr_line' id='line_1_4' title="bbox 86 550 964 624; baseline 0.007 -21"><span class='ocrx_word' id='word_1_21' title='bbox 86 554 132 604; x_wconf 81' lang='lat' dir='ltr'>ll.</span> <span class='ocrx_word' id='word_1_22' title='bbox 155 550 217 606; x_wconf 84' lang='lat' dir='ltr'>Jen.</span> <span class='ocrx_word' id='word_1_23' title='bbox 246 551 294 606; x_wconf 82' lang='lat' dir='ltr'>lat</span> <span class='ocrx_word' id='word_1_24' title='bbox 320 550 339 605; x_wconf 85' lang='lat' dir='ltr'>f.</span> <span class='ocrx_word' id='word_1_25' title='bbox 360 557 418 607; x_wconf 77' lang='lat'><strong>312.</strong></span> <span class='ocrx_word' id='word_1_26' title='bbox 437 552 464 608; x_wconf 92' lang='lat' dir='ltr'>b.</span> <span class='ocrx_word' id='word_1_27' title='bbox 499 555 583 607; x_wconf 85' lang='lat' dir='ltr'>Idem</span> <span class='ocrx_word' id='word_1_28' title='bbox 608 554 639 607; x_wconf 90' lang='lat' dir='ltr'>in</span> <span class='ocrx_word' id='word_1_29' title='bbox 665 571 717 624; x_wconf 86' lang='lat' dir='ltr'>exp</span> <span class='ocrx_word' id='word_1_30' title='bbox 731 555 761 608; x_wconf 82' lang='lat' dir='ltr'>&#39;a</span> <span class='ocrx_word' id='word_1_31' title='bbox 789 559 857 609; x_wconf 90' lang='lat' dir='ltr'>orat.</span> <span class='ocrx_word' id='word_1_32' title='bbox 883 555 964 609; x_wconf 83' lang='lat' dir='ltr'>Dom.</span> 
     </span>
     <span class='ocr_line' id='line_1_5' title="bbox 86 620 347 690; baseline 0.008 -18"><span class='ocrx_word' id='word_1_33' title='bbox 86 623 129 673; x_wconf 82' lang='lat' dir='ltr'>tt.</span> <span class='ocrx_word' id='word_1_34' title='bbox 145 636 227 690; x_wconf 85' lang='lat' dir='ltr'>germ.</span> <span class='ocrx_word' id='word_1_35' title='bbox 250 627 290 676; x_wconf 84' lang='grc'>74.</span> <span class='ocrx_word' id='word_1_36' title='bbox 307 620 347 688; x_wconf 89' lang='lat' dir='ltr'>b.)</span> 
     </span>
    </p>
   </div>
   <div class='ocr_carea' id='block_1_4' title="bbox 186 738 839 827">
    <p class='ocr_par' dir='ltr' id='par_1_4' title="bbox 186 738 839 827">
     <span class='ocr_line' id='line_1_6' title="bbox 186 738 839 827; baseline -0.002 -22"><span class='ocrx_word' id='word_1_37' title='bbox 186 740 236 805; x_wconf 89' lang='lat'>10.</span> <span class='ocrx_word' id='word_1_38' title='bbox 266 738 430 817; x_wconf 79' lang='lat' dir='ltr'><em>Quodnam</em></span> <span class='ocrx_word' id='word_1_39' title='bbox 453 754 497 805; x_wconf 85' lang='lat' dir='ltr'>eat</span> <span class='ocrx_word' id='word_1_40' title='bbox 517 766 643 827; x_wconf 72' lang='lat' dir='ltr'>nepotum</span> <span class='ocrx_word' id='word_1_41' title='bbox 658 743 839 827; x_wconf 75' lang='lat' dir='ltr'>potentiae?</span> 
     </span>
    </p>
   </div>
   <div class='ocr_carea' id='block_1_5' title="bbox 89 857 966 1008">
    <p class='ocr_par' dir='ltr' id='par_1_5' title="bbox 89 857 966 1008">
     <span class='ocr_line' id='line_1_7' title="bbox 145 857 966 946; baseline 0.004 -26"><span class='ocrx_word' id='word_1_42' title='bbox 145 857 202 920; x_wconf 85' lang='lat' dir='ltr'>Est</span> <span class='ocrx_word' id='word_1_43' title='bbox 221 859 371 943; x_wconf 86' lang='lat' dir='ltr'>generale</span> <span class='ocrx_word' id='word_1_44' title='bbox 393 859 570 923; x_wconf 88' lang='lat' dir='ltr'>dominium</span> <span class='ocrx_word' id='word_1_45' title='bbox 590 883 686 946; x_wconf 88' lang='lat' dir='ltr'>super</span> <span class='ocrx_word' id='word_1_46' title='bbox 713 883 822 925; x_wconf 92' lang='lat' dir='ltr'>omnes</span> <span class='ocrx_word' id='word_1_47' title='bbox 843 870 966 924; x_wconf 88' lang='lat' dir='ltr'>creatu-</span> 
     </span>
     <span class='ocr_line' id='line_1_8' title="bbox 89 939 496 1008; baseline 0.012 -7"><span class='ocrx_word' id='word_1_48' title='bbox 89 958 123 1001; x_wconf 82' lang='lat' dir='ltr'>ras</span> <span class='ocrx_word' id='word_1_49' title='bbox 136 939 166 1005; x_wconf 89' lang='lat' dir='ltr'>in</span> <span class='ocrx_word' id='word_1_50' title='bbox 184 943 275 1006; x_wconf 84' lang='lat' dir='ltr'>eoelo</span> <span class='ocrx_word' id='word_1_51' title='bbox 298 954 330 1006; x_wconf 91' lang='lat' dir='ltr'>et</span> <span class='ocrx_word' id='word_1_52' title='bbox 350 944 384 1007; x_wconf 91' lang='lat' dir='ltr'>in</span> <span class='ocrx_word' id='word_1_53' title='bbox 404 954 496 1008; x_wconf 86' lang='lat' dir='ltr'>terra.</span> 
     </span>
    </p>
   </div>
   <div class='ocr_carea' id='block_1_6' title="bbox 90 1041 965 1459">
    <p class='ocr_par' dir='ltr' id='par_1_6' title="bbox 90 1041 965 1459">
     <span class='ocr_line' id='line_1_9' title="bbox 115 1041 964 1118; baseline 0.002 -24"><span class='ocrx_word' id='word_1_54' title='bbox 115 1041 248 1118; x_wconf 71' lang='lat' dir='ltr'>¹(Dicitur</span> <span class='ocrx_word' id='word_1_55' title='bbox 270 1060 388 1114; x_wconf 81' lang='lat' dir='ltr'>regnum</span> <span class='ocrx_word' id='word_1_56' title='bbox 410 1047 552 1114; x_wconf 86' lang='lat' dir='ltr'>potentiae</span> <span class='ocrx_word' id='word_1_57' title='bbox 578 1045 613 1099; x_wconf 90' lang='lat' dir='ltr'>ab</span> <span class='ocrx_word' id='word_1_58' title='bbox 640 1046 771 1115; x_wconf 88' lang='lat' dir='ltr'>adjuncto</span> <span class='ocrx_word' id='word_1_59' title='bbox 796 1049 824 1099; x_wconf 88' lang='lat' dir='ltr'>et</span> <span class='ocrx_word' id='word_1_60' title='bbox 850 1044 964 1112; x_wconf 86' lang='lat' dir='ltr'>effectis,</span> 
     </span>
     <span class='ocr_line' id='line_1_10' title="bbox 90 1110 964 1184; baseline 0.002 -22"><span class='ocrx_word' id='word_1_61' title='bbox 90 1120 134 1175; x_wconf 76' lang='lat' dir='ltr'>pule</span> <span class='ocrx_word' id='word_1_62' title='bbox 153 1110 272 1165; x_wconf 82' lang='lat' dir='ltr'>divinam</span> <span class='ocrx_word' id='word_1_63' title='bbox 299 1129 378 1166; x_wconf 90' lang='lat' dir='ltr'>suam</span> <span class='ocrx_word' id='word_1_64' title='bbox 404 1115 554 1183; x_wconf 88' lang='lat' dir='ltr'>potentiam</span> <span class='ocrx_word' id='word_1_65' title='bbox 578 1114 750 1184; x_wconf 88' lang='lat' dir='ltr'>potissimum</span> <span class='ocrx_word' id='word_1_66' title='bbox 773 1113 803 1165; x_wconf 94' lang='lat' dir='ltr'>in</span> <span class='ocrx_word' id='word_1_67' title='bbox 820 1130 852 1169; x_wconf 94' lang='lat' dir='ltr'>eo</span> <span class='ocrx_word' id='word_1_68' title='bbox 871 1112 964 1177; x_wconf 84' lang='lat' dir='ltr'>exerit,</span> 
     </span>
     <span class='ocr_line' id='line_1_11' title="bbox 90 1179 965 1251; baseline 0.003 -20"><span class='ocrx_word' id='word_1_69' title='bbox 90 1180 186 1243; x_wconf 80' lang='lat' dir='ltr'>potenter</span> <span class='ocrx_word' id='word_1_70' title='bbox 202 1179 295 1234; x_wconf 82' lang='lat' dir='ltr'>omnia</span> <span class='ocrx_word' id='word_1_71' title='bbox 312 1182 502 1250; x_wconf 87' lang='lat' dir='ltr'>gubernando,</span> <span class='ocrx_word' id='word_1_72' title='bbox 523 1186 600 1238; x_wconf 86' lang='lat' dir='ltr'>Dan.</span> <span class='ocrx_word' id='word_1_73' title='bbox 616 1187 638 1250; x_wconf 88' lang='lat'>7,</span> <span class='ocrx_word' id='word_1_74' title='bbox 651 1188 691 1251; x_wconf 76' lang='grc'>11,</span> <span class='ocrx_word' id='word_1_75' title='bbox 713 1188 852 1237; x_wconf 89' lang='lat' dir='ltr'>creaturas</span> <span class='ocrx_word' id='word_1_76' title='bbox 870 1198 965 1236; x_wconf 88' lang='lat' dir='ltr'>omnes</span> 
     </span>
     <span class='ocr_line' id='line_1_12' title="bbox 90 1242 965 1320; baseline 0.008 -24"><span class='ocrx_word' id='word_1_77' title='bbox 90 1242 247 1315; x_wconf 79' lang='lat' dir='ltr'>subjiciendo,</span> <span class='ocrx_word' id='word_1_78' title='bbox 269 1251 318 1302; x_wconf 85' lang='lat' dir='ltr'>Pa.</span> <span class='ocrx_word' id='word_1_79' title='bbox 337 1258 367 1314; x_wconf 80' lang='grc'>8,</span> <span class='ocrx_word' id='word_1_80' title='bbox 388 1254 418 1320; x_wconf 88' lang='grc'>7,·</span> <span class='ocrx_word' id='word_1_81' title='bbox 449 1253 538 1304; x_wconf 71' lang='lat' dir='ltr'>Heba.</span> <span class='ocrx_word' id='word_1_82' title='bbox 565 1257 592 1320; x_wconf 87' lang='lat'>1,</span> <span class='ocrx_word' id='word_1_83' title='bbox 618 1256 666 1316; x_wconf 80' lang='grc'>13,</span> <span class='ocrx_word' id='word_1_84' title='bbox 699 1251 728 1305; x_wconf 91' lang='lat' dir='ltr'>in</span> <span class='ocrx_word' id='word_1_85' title='bbox 758 1252 848 1305; x_wconf 91' lang='lat' dir='ltr'>medio</span> <span class='ocrx_word' id='word_1_86' title='bbox 876 1249 965 1304; x_wconf 90' lang='lat' dir='ltr'>inimi·</span> 
     </span>
     <span class='ocr_line' id='line_1_13' title="bbox 90 1317 964 1388; baseline 0.005 -20"><span class='ocrx_word' id='word_1_87' title='bbox 90 1324 156 1368; x_wconf 78' lang='lat' dir='ltr'>toran</span> <span class='ocrx_word' id='word_1_88' title='bbox 172 1317 353 1388; x_wconf 85' lang='lat' dir='ltr'>dominando,</span> <span class='ocrx_word' id='word_1_89' title='bbox 379 1321 428 1373; x_wconf 82' lang='lat' dir='ltr'>Pa.</span> <span class='ocrx_word' id='word_1_90' title='bbox 450 1324 563 1388; x_wconf 85' lang='lat'><strong><em>110,1‚</em></strong></span> <span class='ocrx_word' id='word_1_91' title='bbox 592 1321 702 1376; x_wconf 90' lang='lat' dir='ltr'>eosdem</span> <span class='ocrx_word' id='word_1_92' title='bbox 720 1319 889 1388; x_wconf 84' lang='lat' dir='ltr'>cohibendo,</span> <span class='ocrx_word' id='word_1_93' title='bbox 913 1335 964 1388; x_wconf 90' lang='lat' dir='ltr'>pu-</span> 
     </span>
     <span class='ocr_line' id='line_1_14' title="bbox 90 1378 789 1459; baseline 0.007 -23"><span class='ocrx_word' id='word_1_94' title='bbox 90 1378 170 1449; x_wconf 76' lang='lat' dir='ltr'>dudo,</span> <span class='ocrx_word' id='word_1_95' title='bbox 188 1388 350 1457; x_wconf 83' lang='lat' dir='ltr'>evertendo,</span> <span class='ocrx_word' id='word_1_96' title='bbox 370 1390 418 1442; x_wconf 86' lang='lat' dir='ltr'>Pa.</span> <span class='ocrx_word' id='word_1_97' title='bbox 440 1393 466 1459; x_wconf 85' lang='lat'>2,</span> <span class='ocrx_word' id='word_1_98' title='bbox 485 1392 520 1457; x_wconf 83' lang='grc'>9,·</span> <span class='ocrx_word' id='word_1_99' title='bbox 539 1393 563 1441; x_wconf 90' lang='grc'>1.</span> <span class='ocrx_word' id='word_1_100' title='bbox 583 1390 646 1444; x_wconf 85' lang='lat' dir='ltr'>Cor.</span> <span class='ocrx_word' id='word_1_101' title='bbox 665 1394 708 1458; x_wconf 77' lang='lat'>15,</span> <span class='ocrx_word' id='word_1_102' title='bbox 726 1389 789 1457; x_wconf 78' lang='lat'><em>25.)</em></span> 
     </span>
    </p>
   </div>
   <div class='ocr_carea' id='block_1_7' title="bbox 235 1506 789 1594">
    <p class='ocr_par' dir='ltr' id='par_1_7' title="bbox 235 1506 789 1594">
     <span class='ocr_line' id='line_1_15' title="bbox 235 1506 789 1594; baseline 0 -24"><span class='ocrx_word' id='word_1_103' title='bbox 235 1509 285 1571; x_wconf 89' lang='grc'>11.</span> <span class='ocrx_word' id='word_1_104' title='bbox 320 1506 412 1584; x_wconf 77' lang='lat' dir='ltr'>Quod</span> <span class='ocrx_word' id='word_1_105' title='bbox 433 1521 476 1572; x_wconf 84' lang='lat' dir='ltr'>est</span> <span class='ocrx_word' id='word_1_106' title='bbox 499 1533 628 1594; x_wconf 72' lang='lat' dir='ltr'>requam</span> <span class='ocrx_word' id='word_1_107' title='bbox 647 1508 789 1593; x_wconf 70' lang='lat' dir='ltr'>praticae?</span> 
     </span>
    </p>
   </div>
   <div class='ocr_carea' id='block_1_8' title="bbox 91 1615 965 1786">
    <p class='ocr_par' dir='ltr' id='par_1_8' title="bbox 91 1615 965 1786">
     <span class='ocr_line' id='line_1_16' title="bbox 146 1615 965 1702; baseline -0.002 -23"><span class='ocrx_word' id='word_1_108' title='bbox 146 1615 203 1679; x_wconf 85' lang='lat' dir='ltr'>Est</span> <span class='ocrx_word' id='word_1_109' title='bbox 219 1617 367 1702; x_wconf 89' lang='lat' dir='ltr'>specialis</span> <span class='ocrx_word' id='word_1_110' title='bbox 389 1618 624 1683; x_wconf 82' lang='lat' dir='ltr'>misericordiae</span> <span class='ocrx_word' id='word_1_111' title='bbox 646 1630 677 1683; x_wconf 92' lang='lat' dir='ltr'>et</span> <span class='ocrx_word' id='word_1_112' title='bbox 698 1616 849 1682; x_wconf 86' lang='lat' dir='ltr'>bonitatis</span> <span class='ocrx_word' id='word_1_113' title='bbox 865 1615 899 1678; x_wconf 91' lang='lat' dir='ltr'>in</span> <span class='ocrx_word' id='word_1_114' title='bbox 914 1636 965 1678; x_wconf 85' lang='lat' dir='ltr'>ee-</span> 
     </span>
     <span class='ocr_line' id='line_1_17' title="bbox 91 1690 330 1786; baseline 0.013 -22"><span class='ocrx_word' id='word_1_115' title='bbox 91 1690 159 1763; x_wconf 62' lang='lat' dir='ltr'>clesia</span> <span class='ocrx_word' id='word_1_116' title='bbox 178 1702 330 1786; x_wconf 87' lang='lat' dir='ltr'>operatio.</span> 
     </span>
    </p>
   </div>
   <div class='ocr_carea' id='block_1_9' title="bbox 86 1816 965 2505">
    <p class='ocr_par' dir='ltr' id='par_1_9' title="bbox 86 1816 965 2505">
     <span class='ocr_line' id='line_1_18' title="bbox 116 1816 964 1893; baseline -0.001 -22"><span class='ocrx_word' id='word_1_117' title='bbox 116 1880 121 1893; x_wconf 38' lang='grc' dir='ltr'>Ι</span> <span class='ocrx_word' id='word_1_118' title='bbox 137 1816 249 1882; x_wconf 82' lang='lat' dir='ltr'>(Dicitur</span> <span class='ocrx_word' id='word_1_119' title='bbox 264 1836 382 1890; x_wconf 83' lang='lat' dir='ltr'>regnum</span> <span class='ocrx_word' id='word_1_120' title='bbox 400 1820 507 1890; x_wconf 84' lang='lat' dir='ltr'>gratiae</span> <span class='ocrx_word' id='word_1_121' title='bbox 518 1821 601 1875; x_wconf 88' lang='lat' dir='ltr'>etiam</span> <span class='ocrx_word' id='word_1_122' title='bbox 614 1819 650 1873; x_wconf 90' lang='lat' dir='ltr'>ab</span> <span class='ocrx_word' id='word_1_123' title='bbox 663 1820 795 1890; x_wconf 86' lang='lat' dir='ltr'>adjuncto</span> <span class='ocrx_word' id='word_1_124' title='bbox 807 1824 836 1873; x_wconf 86' lang='lat' dir='ltr'>et</span> <span class='ocrx_word' id='word_1_125' title='bbox 850 1818 964 1884; x_wconf 84' lang='lat' dir='ltr'>effectis,</span> 
     </span>
     <span class='ocr_line' id='line_1_19' title="bbox 91 1887 965 1963; baseline 0.003 -26"><span class='ocrx_word' id='word_1_126' title='bbox 91 1896 134 1963; x_wconf 66' lang='lat' dir='ltr'>popa</span> <span class='ocrx_word' id='word_1_127' title='bbox 152 1892 171 1940; x_wconf 88' lang='lat' dir='ltr'>l.</span> <span class='ocrx_word' id='word_1_128' title='bbox 187 1889 311 1959; x_wconf 87' lang='lat' dir='ltr'>gratuita</span> <span class='ocrx_word' id='word_1_129' title='bbox 329 1889 516 1944; x_wconf 88' lang='lat' dir='ltr'>misericordia</span> <span class='ocrx_word' id='word_1_130' title='bbox 533 1889 587 1944; x_wconf 90' lang='lat' dir='ltr'>Dei</span> <span class='ocrx_word' id='word_1_131' title='bbox 607 1889 700 1943; x_wconf 90' lang='lat' dir='ltr'>omnia</span> <span class='ocrx_word' id='word_1_132' title='bbox 722 1890 752 1942; x_wconf 91' lang='lat' dir='ltr'>in</span> <span class='ocrx_word' id='word_1_133' title='bbox 776 1888 873 1942; x_wconf 91' lang='lat' dir='ltr'>eodem</span> <span class='ocrx_word' id='word_1_134' title='bbox 890 1887 965 1941; x_wconf 85' lang='lat' dir='ltr'>bona</span> 
     </span>
     <span class='ocr_line' id='line_1_20' title="bbox 91 1952 964 2027; baseline 0.005 -22"><span class='ocrx_word' id='word_1_135' title='bbox 91 1952 226 2027; x_wconf 69' lang='lat' dir='ltr'>spritualia,</span> <span class='ocrx_word' id='word_1_136' title='bbox 250 1956 390 2012; x_wconf 82' lang='lat' dir='ltr'>mediante</span> <span class='ocrx_word' id='word_1_137' title='bbox 409 1959 561 2013; x_wconf 90' lang='lat' dir='ltr'>ministerio</span> <span class='ocrx_word' id='word_1_138' title='bbox 584 1957 662 2012; x_wconf 90' lang='lat' dir='ltr'>verbi</span> <span class='ocrx_word' id='word_1_139' title='bbox 681 1962 710 2011; x_wconf 89' lang='lat' dir='ltr'>et</span> <span class='ocrx_word' id='word_1_140' title='bbox 727 1955 964 2010; x_wconf 80' lang='lat' dir='ltr'>administratione</span> 
     </span>
     <span class='ocr_line' id='line_1_21' title="bbox 90 2024 965 2097; baseline 0.005 -23"><span class='ocrx_word' id='word_1_141' title='bbox 90 2032 308 2095; x_wconf 65' lang='lat' dir='ltr'>aeramentorum,</span> <span class='ocrx_word' id='word_1_142' title='bbox 330 2026 410 2081; x_wconf 90' lang='lat' dir='ltr'>nobis</span> <span class='ocrx_word' id='word_1_143' title='bbox 430 2026 552 2097; x_wconf 84' lang='lat' dir='ltr'>gratuito</span> <span class='ocrx_word' id='word_1_144' title='bbox 568 2027 735 2093; x_wconf 86' lang='lat' dir='ltr'>offeruntur,</span> <span class='ocrx_word' id='word_1_145' title='bbox 754 2024 918 2079; x_wconf 83' lang='lat' dir='ltr'>exhibentur</span> <span class='ocrx_word' id='word_1_146' title='bbox 936 2029 965 2078; x_wconf 85' lang='lat' dir='ltr'>et</span> 
     </span>
     <span class='ocr_line' id='line_1_22' title="bbox 89 2089 963 2165; baseline 0.003 -22"><span class='ocrx_word' id='word_1_147' title='bbox 89 2089 238 2162; x_wconf 78' lang='lat' dir='ltr'>tpplcantur,</span> <span class='ocrx_word' id='word_1_148' title='bbox 255 2093 386 2148; x_wconf 87' lang='lat' dir='ltr'>nimirum</span> <span class='ocrx_word' id='word_1_149' title='bbox 402 2095 514 2150; x_wconf 90' lang='lat' dir='ltr'>donatio</span> <span class='ocrx_word' id='word_1_150' title='bbox 532 2095 650 2164; x_wconf 83' lang='lat' dir='ltr'>Spiritus</span> <span class='ocrx_word' id='word_1_151' title='bbox 671 2100 766 2162; x_wconf 86' lang='lat' dir='ltr'>sanct,</span> <span class='ocrx_word' id='word_1_152' title='bbox 783 2093 963 2165; x_wconf 85' lang='lat' dir='ltr'>regeneratio,</span> 
     </span>
     <span class='ocr_line' id='line_1_23' title="bbox 86 2158 964 2233; baseline -0.001 -16"><span class='ocrx_word' id='word_1_153' title='bbox 86 2158 181 2217; x_wconf 69' lang='lat' dir='ltr'>aeduin</span> <span class='ocrx_word' id='word_1_154' title='bbox 206 2168 398 2233; x_wconf 85' lang='lat' dir='ltr'>peccatorum,</span> <span class='ocrx_word' id='word_1_155' title='bbox 423 2163 621 2232; x_wconf 87' lang='lat' dir='ltr'>sanctificatio,</span> <span class='ocrx_word' id='word_1_156' title='bbox 649 2162 813 2229; x_wconf 85' lang='lat' dir='ltr'>vivificatio,</span> <span class='ocrx_word' id='word_1_157' title='bbox 836 2162 964 2233; x_wconf 89' lang='lat' dir='ltr'>justitiae</span> 
     </span>
     <span class='ocr_line' id='line_1_24' title="bbox 90 2220 965 2313; baseline 0 -30"><span class='ocrx_word' id='word_1_158' title='bbox 90 2220 164 2283; x_wconf 71' lang='lat' dir='ltr'>Chu&#39;sti</span> <span class='ocrx_word' id='word_1_159' title='bbox 181 2230 334 2300; x_wconf 84' lang='lat' dir='ltr'>imputatio,</span> <span class='ocrx_word' id='word_1_160' title='bbox 353 2240 381 2286; x_wconf 92' lang='lat' dir='ltr'>et</span> <span class='ocrx_word' id='word_1_161' title='bbox 399 2233 533 2286; x_wconf 90' lang='lat' dir='ltr'>advitam</span> <span class='ocrx_word' id='word_1_162' title='bbox 546 2239 685 2287; x_wconf 85' lang='lat' dir='ltr'>aeternam</span> <span class='ocrx_word' id='word_1_163' title='bbox 699 2232 861 2313; x_wconf 86' lang='lat' dir='ltr'>acceptatio.</span> <span class='ocrx_word' id='word_1_164' title='bbox 892 2230 965 2294; x_wconf 81' lang='lat' dir='ltr'>Quia</span> 
     </span>
     <span class='ocr_line' id='line_1_25' title="bbox 87 2294 964 2371; baseline 0.001 -19"><span class='ocrx_word' id='word_1_165' title='bbox 87 2294 179 2354; x_wconf 73' lang='lat' dir='ltr'>tima</span> <span class='ocrx_word' id='word_1_166' title='bbox 199 2300 283 2354; x_wconf 89' lang='lat' dir='ltr'>etiam</span> <span class='ocrx_word' id='word_1_167' title='bbox 307 2302 380 2355; x_wconf 87' lang='lat' dir='ltr'>bona</span> <span class='ocrx_word' id='word_1_168' title='bbox 403 2301 555 2371; x_wconf 86' lang='lat' dir='ltr'>corporalia</span> <span class='ocrx_word' id='word_1_169' title='bbox 578 2301 611 2353; x_wconf 91' lang='lat' dir='ltr'>in.</span> <span class='ocrx_word' id='word_1_170' title='bbox 631 2302 727 2355; x_wconf 90' lang='lat' dir='ltr'>eodem</span> <span class='ocrx_word' id='word_1_171' title='bbox 748 2301 801 2370; x_wconf 86' lang='lat' dir='ltr'>pris</span> <span class='ocrx_word' id='word_1_172' title='bbox 821 2300 964 2354; x_wconf 87' lang='lat' dir='ltr'>conferun-</span> 
     </span>
     <span class='ocr_line' id='line_1_26' title="bbox 86 2360 963 2449; baseline 0.001 -27"><span class='ocrx_word' id='word_1_173' title='bbox 86 2360 128 2431; x_wconf 61' lang='lat' dir='ltr'>fflr,</span> <span class='ocrx_word' id='word_1_174' title='bbox 146 2373 239 2449; x_wconf 88' lang='lat' dir='ltr'>utpote</span> <span class='ocrx_word' id='word_1_175' title='bbox 262 2370 399 2423; x_wconf 87' lang='lat' dir='ltr'>variorum</span> <span class='ocrx_word' id='word_1_176' title='bbox 426 2371 559 2424; x_wconf 91' lang='lat' dir='ltr'>donorum</span> <span class='ocrx_word' id='word_1_177' title='bbox 584 2369 695 2439; x_wconf 85' lang='lat' dir='ltr'>effusio,</span> <span class='ocrx_word' id='word_1_178' title='bbox 718 2368 888 2424; x_wconf 82' lang='lat' dir='ltr'>conservatio</span> <span class='ocrx_word' id='word_1_179' title='bbox 911 2369 963 2423; x_wconf 88' lang='lat' dir='ltr'>sub</span> 
     </span>
     <span class='ocr_line' id='line_1_27' title="bbox 88 2436 582 2505; baseline 0.012 -19"><span class='ocrx_word' id='word_1_180' title='bbox 88 2442 151 2505; x_wconf 79' lang='lat' dir='ltr'>truce,</span> <span class='ocrx_word' id='word_1_181' title='bbox 165 2436 291 2493; x_wconf 89' lang='lat' dir='ltr'>hberatio</span> <span class='ocrx_word' id='word_1_182' title='bbox 310 2455 325 2493; x_wconf 89' lang='lat' dir='ltr'>e</span> <span class='ocrx_word' id='word_1_183' title='bbox 343 2439 501 2493; x_wconf 88' lang='lat' dir='ltr'>calamitate</span> <span class='ocrx_word' id='word_1_184' title='bbox 519 2440 582 2505; x_wconf 88' lang='lat' dir='ltr'>etc.)</span> 
     </span>
    </p>
   </div>
   <div class='ocr_carea' id='block_1_10' title="bbox 218 2557 804 2645">
    <p class='ocr_par' dir='ltr' id='par_1_10' title="bbox 218 2557 804 2645">
     <span class='ocr_line' id='line_1_28' title="bbox 218 2557 804 2645; baseline -0.003 -23"><span class='ocrx_word' id='word_1_185' title='bbox 218 2560 267 2622; x_wconf 79' lang='lat'>12.</span> <span class='ocrx_word' id='word_1_186' title='bbox 299 2560 433 2642; x_wconf 81' lang='lat' dir='ltr'>Eeqnod</span> <span class='ocrx_word' id='word_1_187' title='bbox 454 2572 644 2645; x_wconf 66' lang='lat' dir='ltr'>estnequam</span> <span class='ocrx_word' id='word_1_188' title='bbox 665 2557 804 2644; x_wconf 68' lang='lat' dir='ltr'>plotino?</span> 
     </span>
    </p>
   </div>
   <div class='ocr_carea' id='block_1_11' title="bbox 87 2665 962 2923">
    <p class='ocr_par' dir='ltr' id='par_1_11' title="bbox 87 2665 962 2923">
     <span class='ocr_line' id='line_1_29' title="bbox 145 2665 962 2754; baseline 0 -24"><span class='ocrx_word' id='word_1_189' title='bbox 145 2667 200 2730; x_wconf 84' lang='lat' dir='ltr'>Est</span> <span class='ocrx_word' id='word_1_190' title='bbox 227 2668 371 2752; x_wconf 87' lang='lat' dir='ltr'>plenaria</span> <span class='ocrx_word' id='word_1_191' title='bbox 399 2669 544 2733; x_wconf 89' lang='lat' dir='ltr'>eoelestis</span> <span class='ocrx_word' id='word_1_192' title='bbox 565 2668 769 2732; x_wconf 82' lang='lat' dir='ltr'>beatitudinis</span> <span class='ocrx_word' id='word_1_193' title='bbox 792 2665 962 2754; x_wconf 79' lang='lat' dir='ltr'>possessio,</span> 
     </span>
     <span class='ocr_line' id='line_1_30' title="bbox 87 2740 962 2838; baseline 0.013 -35"><span class='ocrx_word' id='word_1_194' title='bbox 87 2740 125 2805; x_wconf 86' lang='lat' dir='ltr'>ubi</span> <span class='ocrx_word' id='word_1_195' title='bbox 136 2748 272 2816; x_wconf 81' lang='lat' dir='ltr'>Christus</span> <span class='ocrx_word' id='word_1_196' title='bbox 295 2753 412 2817; x_wconf 85' lang='lat' dir='ltr'>electos</span> <span class='ocrx_word' id='word_1_197' title='bbox 428 2754 630 2818; x_wconf 88' lang='lat' dir='ltr'>resuscitatos</span> <span class='ocrx_word' id='word_1_198' title='bbox 646 2754 776 2818; x_wconf 85' lang='lat' dir='ltr'>coelesti</span> <span class='ocrx_word' id='word_1_199' title='bbox 791 2753 894 2838; x_wconf 84' lang='lat' dir='ltr'>gloria</span> <span class='ocrx_word' id='word_1_200' title='bbox 909 2773 962 2814; x_wconf 89' lang='lat' dir='ltr'>eo-</span> 
     </span>
     <span class='ocr_line' id='line_1_31' title="bbox 87 2834 961 2923; baseline 0.007 -31"><span class='ocrx_word' id='word_1_201' title='bbox 87 2834 189 2915; x_wconf 80' lang='lat' dir='ltr'>rorabit,</span> <span class='ocrx_word' id='word_1_202' title='bbox 203 2839 288 2901; x_wconf 91' lang='lat' dir='ltr'>utin</span> <span class='ocrx_word' id='word_1_203' title='bbox 302 2851 465 2902; x_wconf 88' lang='lat' dir='ltr'>aeternum</span> <span class='ocrx_word' id='word_1_204' title='bbox 481 2861 554 2903; x_wconf 88' lang='lat' dir='ltr'>cum</span> <span class='ocrx_word' id='word_1_205' title='bbox 568 2839 637 2923; x_wconf 93' lang='lat' dir='ltr'>ipso</span> <span class='ocrx_word' id='word_1_206' title='bbox 651 2839 759 2903; x_wconf 86' lang='lat' dir='ltr'>vivant</span> <span class='ocrx_word' id='word_1_207' title='bbox 774 2849 806 2901; x_wconf 89' lang='lat' dir='ltr'>et</span> <span class='ocrx_word' id='word_1_208' title='bbox 819 2846 961 2922; x_wconf 86' lang='lat' dir='ltr'>regnent.</span> 
     </span>
    </p>
   </div>
   <div class='ocr_carea' id='block_1_12' title="bbox 86 2952 962 3365">
    <p class='ocr_par' dir='ltr' id='par_1_12' title="bbox 86 2952 962 3365">
     <span class='ocr_line' id='line_1_32' title="bbox 126 2952 961 3028; baseline 0 -22"><span class='ocrx_word' id='word_1_209' title='bbox 126 2952 245 3028; x_wconf 80' lang='lat' dir='ltr'>¹(Dicitur</span> <span class='ocrx_word' id='word_1_210' title='bbox 267 2974 383 3026; x_wconf 82' lang='lat' dir='ltr'>regnum</span> <span class='ocrx_word' id='word_1_211' title='bbox 406 2957 509 3028; x_wconf 87' lang='lat' dir='ltr'>gloriae</span> <span class='ocrx_word' id='word_1_212' title='bbox 536 2957 572 3010; x_wconf 88' lang='lat' dir='ltr'>ab</span> <span class='ocrx_word' id='word_1_213' title='bbox 598 2957 743 3026; x_wconf 85' lang='lat' dir='ltr'>adjunctis.</span> <span class='ocrx_word' id='word_1_214' title='bbox 782 2961 803 3010; x_wconf 88' lang='lat'>1.</span> <span class='ocrx_word' id='word_1_215' title='bbox 832 2953 877 3009; x_wconf 92' lang='lat' dir='ltr'>Ob</span> <span class='ocrx_word' id='word_1_216' title='bbox 901 2972 961 3024; x_wconf 92' lang='lat' dir='ltr'>per-</span> 
     </span>
     <span class='ocr_line' id='line_1_33' title="bbox 86 3006 962 3097; baseline 0.003 -24"><span class='ocrx_word' id='word_1_217' title='bbox 86 3006 231 3095; x_wconf 66' lang='lat' dir='ltr'>fulminum</span> <span class='ocrx_word' id='word_1_218' title='bbox 270 3024 479 3081; x_wconf 88' lang='lat' dir='ltr'>lorificationem</span> <span class='ocrx_word' id='word_1_219' title='bbox 491 3033 519 3080; x_wconf 92' lang='lat' dir='ltr'>et</span> <span class='ocrx_word' id='word_1_220' title='bbox 532 3027 755 3097; x_wconf 85' lang='lat' dir='ltr'>gloriosissimam</span> <span class='ocrx_word' id='word_1_221' title='bbox 766 3024 888 3078; x_wconf 90' lang='lat' dir='ltr'>omnium</span> <span class='ocrx_word' id='word_1_222' title='bbox 901 3041 962 3093; x_wconf 93' lang='lat' dir='ltr'>per·</span> 
     </span>
     <span class='ocr_line' id='line_1_34' title="bbox 86 3043 962 3161; baseline 0.008 -24"><span class='ocrx_word' id='word_1_223' title='bbox 86 3075 208 3146; x_wconf 81' lang='lat' dir='ltr'>tatonem.</span> <span class='ocrx_word' id='word_1_224' title='bbox 246 3043 315 3148; x_wconf 56' lang='lat' dir='ltr'>{lit</span> <span class='ocrx_word' id='word_1_225' title='bbox 333 3095 405 3148; x_wconf 89' lang='lat' dir='ltr'>enim</span> <span class='ocrx_word' id='word_1_226' title='bbox 425 3095 465 3148; x_wconf 80' lang='lat' dir='ltr'>ibi</span> <span class='ocrx_word' id='word_1_227' title='bbox 481 3113 590 3148; x_wconf 84' lang='lat' dir='ltr'>samma</span> <span class='ocrx_word' id='word_1_228' title='bbox 608 3103 634 3148; x_wconf 86' lang='lat' dir='ltr'>et</span> <span class='ocrx_word' id='word_1_229' title='bbox 652 3104 730 3148; x_wconf 83' lang='lat' dir='ltr'>carta</span> <span class='ocrx_word' id='word_1_230' title='bbox 748 3094 902 3161; x_wconf 83' lang='lat' dir='ltr'>securitas,</span> <span class='ocrx_word' id='word_1_231' title='bbox 920 3109 962 3144; x_wconf 82' lang='lat' dir='ltr'>aa·</span> 
     </span>
     <span class='ocr_line' id='line_1_35' title="bbox 86 3161 962 3286; baseline 0.006 -9"><span class='ocrx_word' id='word_1_232' title='bbox 86 3161 962 3286; x_wconf 54' lang='grc'><em>111111111111111111111111111111</em></span> 
     </span>
     <span class='ocr_line' id='line_1_36' title="bbox 87 3249 961 3365; baseline 0.005 -16"><span class='ocrx_word' id='word_1_233' title='bbox 87 3266 164 3365; x_wconf 62' lang='lat' dir='ltr'>¹⁰lllotp’⁸</span> <span class='ocrx_word' id='word_1_234' title='bbox 182 3315 206 3355; x_wconf 86' lang='lat' dir='ltr'>e.</span> <span class='ocrx_word' id='word_1_235' title='bbox 221 3305 264 3357; x_wconf 80' lang='lat'>35.</span> <span class='ocrx_word' id='word_1_236' title='bbox 284 3305 306 3353; x_wconf 89' lang='lat' dir='ltr'>t.</span> <span class='ocrx_word' id='word_1_237' title='bbox 324 3306 348 3356; x_wconf 83' lang='grc'>9.</span> <span class='ocrx_word' id='word_1_238' title='bbox 373 3273 500 3358; x_wconf 66' lang='lat' dir='ltr'>ool&#39;lsst.</span> <span class='ocrx_word' id='word_1_239' title='bbox 520 3303 555 3357; x_wconf 89' lang='lat' dir='ltr'>D.</span> <span class='ocrx_word' id='word_1_240' title='bbox 584 3308 612 3357; x_wconf 93' lang='lat' dir='ltr'>et</span> <span class='ocrx_word' id='word_1_241' title='bbox 637 3301 688 3356; x_wconf 88' lang='lat' dir='ltr'>col.</span> <span class='ocrx_word' id='word_1_242' title='bbox 711 3270 769 3356; x_wconf 77' lang='lat'>78&#39;8.</span> <span class='ocrx_word' id='word_1_243' title='bbox 788 3249 830 3354; x_wconf 42' lang='lat' dir='ltr'>A?</span> <span class='ocrx_word' id='word_1_244' title='bbox 867 3305 891 3355; x_wconf 84' lang='grc'>2.</span> <span class='ocrx_word' id='word_1_245' title='bbox 909 3273 961 3354; x_wconf 63' lang='lat' dir='ltr'>‘ob</span> 
     </span>
    </p>
   </div>
   <div class='ocr_carea' id='block_1_13' title="bbox 0 0 1130 3772">
    <p class='ocr_par' dir='ltr' id='par_1_13' title="bbox 0 0 1130 3772">
     <span class='ocr_line' id='line_1_37' title="bbox 0 0 1130 3772; baseline 0 1"><span class='ocrx_word' id='word_1_246' title='bbox 0 0 1130 3772; x_wconf 95' lang='lat' dir='ltr'> </span> 
     </span>
    </p>
   </div>
  </div>
 </body>
</html>
