2250 3772
159 227 223 293 466
296 224 401 312 Caput
423 227 484 294 HL
528 229 582 294 De
605 227 748 293 oratione
768 226 933 292 dominica.

154 398 189 463 in
213 397 374 462 communi
397 419 507 462 omnes
536 407 568 462 et
595 396 714 482 singuli
735 397 903 483 deprecari
925 392 1031 463 vichrt

156 483 279 548 stianae
302 481 464 547 charitatis
486 483 613 551 debent.

213 619 285 684 107.
333 616 420 696 Quas
444 641 536 681 vocas
558 620 756 682 adversitates
779 619 1002 683 elmatiaaontm

518 725 687 768 communes
697 702 712 765 ἲ

243 799 337 880 Quae
355 806 553 867 communiter
570 825 679 867 omncs
693 802 884 869 christianos
898 804 961 868 inse
980 821 1033 866 unn-

156 896 225 964 tur,
256 886 322 950 sive
352 885 416 949 sint
441 890 634 972 corporales,
671 898 782 974 utpote
813 889 914 967 bella,
939 912 952 953 s
988 885 1033 950 'tio
1093 916 1123 924 ·⁴

156 994 224 1048 nes,
246 981 363 1057 pestes,
386 993 531 1035 annonae
554 971 689 1049 caritas,
711 973 778 1038 sive
797 976 984 1059 rpim'tcalea,
999 989 1031 1034 ra·
1091 1026 1094 1033 .

154 1056 214 1205 dudi
229 1057 388 1133 haereses,
400 1068 517 1134 sectae,
532 1058 743 1136 seductiones,
757 1060 961 1145 corruptelae,
973 1076 1033 1122 scau·
1103 1117 1115 1147 ,ἰ

210 1164 230 1206 a
252 1151 310 1206 etc.
1107 1146 1113 1158 ‘

275 1277 344 1342 108.
392 1275 588 1360 Quotuplicia
608 1279 691 1341 cralo
712 1278 761 1342 Iria
782 1279 950 1364 intellipis?

240 1377 280 1441 In
302 1377 514 1463 explicatione
536 1376 727 1442 catechetica
750 1378 968 1466 quadruplicia
983 1392 1033 1440 eru·
1090 1385 1123 1447 ‚s

156 1473 327 1528 merantur.
376 1468 401 1528 1.
425 1463 595 1549 Corporis,
627 1463 658 1527 2.
681 1460 822 1541 animae,
851 1468 882 1531 3.
903 1466 1032 1532 honour,
1088 1476 1096 1513 ¹·

155 1550 186 1615 4.
211 1548 377 1613 honorum.

316 1683 387 1748 109.
435 1681 520 1761 Qasr
542 1695 613 1745 sant
633 1685 718 1747 mala
738 1685 907 1770 corporis?

242 1785 359 1886 Omnis
382 1781 508 1869 generis
531 1782 645 1861 morbi,
664 1783 850 1851 affectiones
873 1797 905 1852 et
926 1783 1031 1849 defectu

155 1894 307 1960 corpons.

324 2004 394 2069 110.
443 2002 528 2081 Quae
550 2015 620 2066 sunt
643 2005 727 2067 malo
747 2003 898 2069 animae?

241 2105 380 2170 Peccata
402 2105 542 2189 quaevis,
563 2104 733 2181 Diabolus,
756 2105 841 2168 mala
862 2096 1032 2171 consciente
1088 2102 1091 2113 '

154 2190 198 2254 im
222 2190 404 2267 oenitentia,
426 2190 641 2265 incredulitas,
663 2190 854 2274 desperatio,
873 2213 956 2257 mors
969 2181 1033 2252 mla
1096 2259 1101 2273 ,

153 2275 188 2339 in
203 2297 297 2340 ernus
319 2286 351 2338 et
372 2275 534 2339 damnatio
557 2288 693 2341 aeterna.

306 2410 377 2473 111.
425 2408 510 2487 Quae
532 2422 603 2474 sunt
627 2410 710 2474 mola
731 2409 916 2474 bonorum?

240 2509 361 2576 Omnia
381 2510 580 2587 detrimenta,
603 2533 685 2594 quae
706 2510 800 2573 bonis
816 2523 848 2575 et
862 2505 1033 2597 facultatibus

154 2596 271 2659 nostris
297 2596 337 2658 ab
367 2594 539 2673 incendiis,
568 2595 848 2673 inundationibus,
874 2598 957 2661 mala
978 2594 1033 2657 a'e'rl⁸

153 2680 317 2781 temperie,
340 2681 437 2765 sagis,
457 2681 615 2758 veneficis,
637 2679 772 2765 aliisque
793 2681 973 2746 hominibus
989 2690 1034 2740 nr
1088 2684 1123 2771 ,J

153 2766 193 2830 lis
217 2766 404 2831 mseruntur.

315 2902 385 2966 112.
433 2899 519 2978 Quae
539 2901 710 2965 anormala
729 2900 913 2967 honorum?

128 3019 131 3031 ‘
239 3002 394 3078 Infamia,
426 3001 617 3087 ignominia,
650 3003 823 3089 dedecora,
855 3003 938 3067 mala
964 2998 1031 3063 fana
1087 2996 1095 3027 “

153 3087 239 3151 mala
275 3087 413 3151 nominis
457 3086 665 3164 existimatio,
709 3088 964 3163 obtrectationes,
996 3093 1031 3141 W
1086 3070 1123 3141 tta

154 3172 293 3236 lumniae
316 3184 374 3237 etc.
405 3171 521 3256 quibus
547 3195 676 3256 quoquo
702 3173 798 3238 modo
828 3174 930 3239 honor
952 3171 1029 3235 noster
1085 3151 1108 3212 ll

151 3256 334 3342 impeditur.
