2250 3772
54 117 95 181 72
291 114 397 199 Caput
417 114 442 180 I.
493 114 545 178 De
567 112 731 198 decalogo

57 256 128 337 tales
145 282 276 336 historiae
300 289 328 336 et
353 281 444 350 sculpi
465 288 595 362 possunt,
620 297 676 335 non
699 279 789 334 solum
806 279 837 333 in
855 268 999 351 privatisl

57 351 190 418 aedibus,
207 351 256 404 sed
275 356 303 404 et
319 350 349 403 in
362 349 486 472 (publicis
504 350 593 407 locis?
612 355 663 404 etc.
696 348 805 404 Deinde
823 348 867 403 dis
882 348 889 360 '
952 347 958 360 '

59 420 132 473 inter
149 420 284 489 imagines
297 436 360 473 men
380 435 443 472 aces
463 425 491 472 et
512 419 697 481 scandalosas‚
718 417 814 488 quales
827 424 894 472 sunt
961 445 973 457 ·

59 488 153 555 barae,
175 487 312 559 Gregorii,
329 487 527 557 christophori,
549 486 716 542 Catharinae
736 491 788 541 etc.
812 484 976 558 quosquis

58 557 206 610 mendaces
225 562 298 623 sunt,
311 555 465 627 (nunquam
483 557 556 610 enim
574 556 602 609 in
620 572 712 610 rerum
724 561 825 609 natura
836 553 975 623 fuerunt)

58 624 233 693 abjiciendae
256 630 335 689 sunt,
361 625 491 696 quoniam
516 626 553 678 ad
579 623 765 679 idololatriam
782 629 894 681 tautum
911 638 974 679 con·

53 693 146 747 fictae.
171 694 262 747 Addit
281 693 401 748 axioma:
421 695 451 747 in
471 694 592 747 ecclesio
610 694 746 762 quicquid
764 693 886 759 dicitur,
904 691 975 745 seri·

56 763 145 829 bitur,
163 764 289 829 canitur,
303 764 449 832 pingitur,
469 763 622 831 sculpitur,
647 765 678 814 io
695 779 816 829 mmmm,
836 760 976 884 qaicffa'd

60 832 173 884 videtur
186 840 211 883 et
224 832 348 899 auditor,
366 833 408 886 ad
418 832 644 898 aedificationem
656 831 762 884 servire
775 830 863 883 dedet.
924 843 974 883 aec

62 915 96 952 ex
114 898 247 954 Luthero.
284 899 329 955 De
342 900 515 955 Carolstadio
533 899 597 954 vide
616 898 710 953 histor.
722 898 844 970 August.
857 898 975 954 confess.

29 998 32 1003 ·
59 968 89 1021 in
108 985 180 1022 anno
201 974 275 1024 1524.
293 987 322 1039 p.
340 975 371 1024 35
391 973 460 1040 seq.)

59 1072 111 1134 41.
149 1073 276 1156 Ergone
298 1073 509 1155 magistratus,
530 1071 708 1134 idololotria
721 1072 755 1134 in
768 1072 859 1134 corde
880 1070 976 1134 homi-

61 1181 135 1220 num
149 1158 491 1256 praedieationeuoerdi
511 1158 672 1239 ahropoto,
697 1157 783 1218 debet
793 1178 863 1285 dm
877 1156 975 1219 lubitu

224 1241 310 1303 idola
321 1251 445 1323 penetus
469 1241 570 1303 tollere
585 1252 613 1302 et
633 1241 799 1324 abrogare.

147 1338 271 1405 Ordine
293 1340 400 1403 omnia
420 1339 489 1404 fieri
510 1342 629 1407 debent
650 1354 682 1406 et
698 1340 858 1428 legitime,
879 1337 976 1403 nimi·

59 1446 131 1487 rum
155 1427 183 1490 1.
199 1425 415 1489 consentiente
436 1425 582 1494 ecclesia.
619 1429 648 1492 2.
666 1426 756 1492 Citra
777 1424 975 1491 scandalum.

59 1510 89 1573 3.
110 1507 200 1575 Citra
220 1509 399 1574 tumultum.
436 1511 466 1575 4.
483 1508 572 1576 Citra
594 1512 757 1577 doctrinae
779 1509 984 1597 immutatio-¹

60 1616 144 1658 nem.
180 1596 225 1658 Et
245 1596 383 1678 denique
398 1595 427 1661 5.
450 1605 485 1659 ut
507 1597 674 1682 abrogatio
694 1597 755 1661 ista
775 1595 887 1672 libera,
908 1617 976 1659 non
1002 1676 1006 1681 ¹

58 1701 135 1742 vero
158 1681 303 1744 absolute
324 1680 503 1744 necessaria
524 1692 690 1747 statuatur.

134 1778 218 1844 (Quia
230 1780 301 1834 enim
316 1799 381 1834 usus
394 1780 548 1851 imaginum
561 1785 603 1835 est
614 1781 700 1849 liber,
719 1779 864 1851 abrogatio
876 1796 977 1834 earun-

63 1846 228 1901 demetiam
247 1849 336 1903 libera
355 1855 409 1916 est,
433 1856 461 1904 et
486 1850 620 1904 hactenus
643 1851 673 1903 in
690 1851 807 1904 eandem
825 1848 977 1903 consentiri

59 1916 138 1969 salva
157 1917 326 1971 conscientia
346 1923 445 1987 potest.
485 1918 565 1982 Quod
584 1919 704 1988 sivero,
726 1925 759 1972 ut
781 1918 911 1972 absolute
928 1934 977 1973 ne·

57 1985 191 2106 ggssatria
216 1991 346 2108 ulrgetrgraz
371 1987 400 2039 in
418 1987 535 2108 eandprn·
554 1988 631 2042 salva
648 1986 817 2109 copsctientiss
835 1992 863 2107 ef
877 1985 977 2041 illaesa

95 2070 212 2107 rrsrana
244 2073 253 2106 1
275 2072 290 2109 e
347 2072 362 2109 e
388 2071 489 2109 consen
503 2073 536 2109 1r1
563 2073 618 2110 non
663 2073 744 2112 oss.
818 2070 909 2110 ecaro
929 2071 976 2110 ex·

62 2120 153 2190 emplo
171 2122 261 2175 simili.
298 2122 478 2176 circumcisio
500 2125 552 2178 sub
573 2074 683 2179 initirlm
701 2125 735 2180 N.
755 2124 788 2178 T.
806 2128 867 2179 erat
883 2122 978 2179 libera

59 2194 88 2242 et
104 2205 148 2243 res
167 2190 332 2260 adiaphora,
352 2197 379 2244 et
391 2191 526 2245 hactenus
542 2192 647 2248 Paulus
659 2193 840 2263 permittebat
857 2184 996 2246 circum-⁸

58 2256 112 2338 cidi
131 2257 322 2326 Timotheum,
347 2261 411 2313 Act.
427 2263 468 2328 16,
487 2264 515 2313 3.
552 2262 592 2315 At
616 2279 679 2316 cum
701 2278 718 2316 a
742 2262 976 2332 pseudo-aposto·

56 2325 92 2379 hs
115 2331 148 2379 ut
166 2327 290 2381 absolute
317 2329 472 2383 necessaria
489 2330 525 2383 ad
544 2332 663 2386 salutem
678 2336 836 2401 urgeretur,
859 2330 888 2383 in
906 2345 974 2383 ean·

60 2394 124 2474 dem
145 2412 232 2476 usquc
251 2396 387 2450 adeonon
399 2399 750 2469 consentiebstapostolus,
771 2403 804 2451 ut
814 2414 865 2453 nec
877 2396 975 2451 Titum
1014 2426 1021 2433 ·

59 2465 221 2518 cucumcrdi
239 2470 395 2534 pateretur,
419 2467 486 2521 Gal.
506 2472 532 2534 2,
551 2472 578 2536 3,
601 2469 650 2523 sed
669 2472 697 2522 et
716 2467 740 2520 si
758 2465 977 2521 circumcidatur

60 2531 137 2602 quis,
165 2533 230 2599 huic
249 2533 389 2588 Christum
416 2535 486 2589 nihil
504 2537 637 2607 prodesse
656 2540 805 2604 assereret,
832 2535 917 2606 idque
936 2535 975 2589 ad

59 2601 237 2655 asserendam
263 2603 422 2658 libertatem
447 2604 635 2662 christianam.
666 2605 739 2660 Vide
766 2604 832 2657 Gal.
851 2608 881 2669 5,
899 2608 924 2656 1.
947 2606 975 2657 2.

57 2669 121 2723 Hoc
141 2688 207 2741 ergo
225 2671 254 2724 in
274 2688 341 2725 casu
358 2672 662 2729 liberatischristianae
674 2673 855 2729 novatoribus
871 2671 978 2727 nostris

58 2754 94 2793 ne
113 2738 150 2791 ad
167 2745 336 2794 momentum
353 2741 467 2813 quidem
484 2742 639 2798 cedendum
650 2759 701 2812 per
714 2741 923 2812 subjectionem,
943 2745 979 2795 ut

58 2807 162 2861 veritas
182 2809 320 2880 evangelii
337 2816 498 2879 permaneat
515 2811 591 2880 apud
609 2828 674 2877 nos,
696 2810 762 2864 Gal.
783 2814 809 2873 2,
828 2813 853 2864 5.
888 2808 977 2863 Falso

59 2875 146 2955 igitur
169 2876 373 2933 Carolstadiani
398 2879 529 2933 ecelesias
555 2879 674 2948 purioris
698 2878 818 2949 August.
844 2877 916 2933 conf.
944 2877 978 2932 in

57 2960 181 3014 ipsorum
198 2945 389 3002 innovationes
416 2964 473 3002 non
493 2948 695 3002 consentientes
722 2947 907 3002 idolomaniac
925 2962 975 3000 ac-

56 3020 158 3067 cusent
182 3021 210 3068 et
234 3015 375 3072 damnant.
411 3017 471 3069 Nec
495 3016 605 3069 obstant
623 3021 778 3098 praecepta
800 3021 829 3070 et
847 3014 978 3084 exempla

55 3079 92 3137 de
108 3082 238 3137 tollendis
256 3084 315 3138 seul
335 3065 446 3152 tililrus‚
469 3085 584 3138 Moron.
602 3085 703 3140 vindic.
723 3102 751 3154 p.
769 3090 819 3140 320
837 3101 923 3154 seqq,
942 3090 980 3139 ut

45 3155 123 3223 pute
138 3149 283 3222 Ezechiae,
322 3155 417 3222 disp.
435 3156 477 3222 18,
496 3157 520 3207 4.
564 3153 668 3223 dosiae,
687 3157 713 3207 2.
733 3155 977 3222 Rep.23,14.15
