<?xml version="1.0" encoding="UTF-8"?>
<!DOCTYPE html PUBLIC "-//W3C//DTD XHTML 1.0 Transitional//EN"
    "http://www.w3.org/TR/xhtml1/DTD/xhtml1-transitional.dtd">
<html xmlns="http://www.w3.org/1999/xhtml" xml:lang="en" lang="en">
 <head>
  <title>
</title>
<meta http-equiv="Content-Type" content="text/html;charset=utf-8" />
  <meta name='ocr-system' content='tesseract 3.04.00' />
  <meta name='ocr-capabilities' content='ocr_page ocr_carea ocr_par ocr_line ocrx_word'/>
</head>
<body>
  <div class='ocr_page' id='page_1' title='image "./dconradidieteri00dietgoog_0622.png"; bbox 0 0 2250 3772; ppageno 0'>
   <div class='ocr_carea' id='block_1_1' title="bbox 104 227 859 318">
    <p class='ocr_par' dir='ltr' id='par_1_1' title="bbox 104 227 859 318">
     <span class='ocr_line' id='line_1_1' title="bbox 104 227 859 318; baseline -0.011 -13"><span class='ocrx_word' id='word_1_1' title='bbox 104 238 170 305; x_wconf 82' lang='lat'><strong>590</strong></span> <span class='ocrx_word' id='word_1_2' title='bbox 275 230 383 318; x_wconf 79' lang='lat' dir='ltr'><strong>Caput</strong></span> <span class='ocrx_word' id='word_1_3' title='bbox 401 229 443 297; x_wconf 91' lang='lat' dir='ltr'><strong>V.</strong></span> <span class='ocrx_word' id='word_1_4' title='bbox 487 227 540 293; x_wconf 92' lang='lat' dir='ltr'><strong>De</strong></span> <span class='ocrx_word' id='word_1_5' title='bbox 561 249 663 294; x_wconf 89' lang='lat' dir='ltr'><strong>coena</strong></span> <span class='ocrx_word' id='word_1_6' title='bbox 684 227 859 297; x_wconf 86' lang='lat' dir='ltr'><strong>dominica.</strong></span> 
     </span>
    </p>
   </div>
   <div class='ocr_carea' id='block_1_2' title="bbox 104 396 1009 2394">
    <p class='ocr_par' dir='ltr' id='par_1_2' title="bbox 104 396 1009 1971">
     <span class='ocr_line' id='line_1_2' title="bbox 106 396 1007 471; baseline -0.006 -13"><span class='ocrx_word' id='word_1_7' title='bbox 106 405 198 459; x_wconf 80' lang='lat' dir='ltr'><strong>obstat</strong></span> <span class='ocrx_word' id='word_1_8' title='bbox 216 408 240 457; x_wconf 79' lang='lat'><strong>7.</strong></span> <span class='ocrx_word' id='word_1_9' title='bbox 265 398 388 471; x_wconf 74' lang='lat' dir='ltr'><strong>aspersio</strong></span> <span class='ocrx_word' id='word_1_10' title='bbox 413 397 511 469; x_wconf 88' lang='lat' dir='ltr'><strong>populi</strong></span> <span class='ocrx_word' id='word_1_11' title='bbox 534 413 599 452; x_wconf 90' lang='lat' dir='ltr'><strong>cum</strong></span> <span class='ocrx_word' id='word_1_12' title='bbox 615 396 755 470; x_wconf 72' lang='lat' dir='ltr'><strong>sangiune</strong></span> <span class='ocrx_word' id='word_1_13' title='bbox 797 402 843 452; x_wconf 87' lang='lat' dir='ltr'><strong>ost</strong></span> <span class='ocrx_word' id='word_1_14' title='bbox 860 396 1007 454; x_wconf 81' lang='lat' dir='ltr'><strong>sacrificium</strong></span> 
     </span>
     <span class='ocr_line' id='line_1_3' title="bbox 104 467 1007 545; baseline -0.006 -18"><span class='ocrx_word' id='word_1_15' title='bbox 104 477 249 545; x_wconf 84' lang='lat' dir='ltr'><strong>peractum</strong></span> <span class='ocrx_word' id='word_1_16' title='bbox 265 469 295 522; x_wconf 93' lang='lat' dir='ltr'><strong>in</strong></span> <span class='ocrx_word' id='word_1_17' title='bbox 310 468 345 524; x_wconf 89' lang='lat' dir='ltr'><strong>V.</strong></span> <span class='ocrx_word' id='word_1_18' title='bbox 362 467 440 524; x_wconf 83' lang='lat' dir='ltr'><strong>Test</strong></span> <span class='ocrx_word' id='word_1_19' title='bbox 472 468 567 523; x_wconf 78' lang='lat' dir='ltr'><strong>Euod.</strong></span> <span class='ocrx_word' id='word_1_20' title='bbox 583 469 628 536; x_wconf 78' lang='grc'><strong>24,</strong></span> <span class='ocrx_word' id='word_1_21' title='bbox 645 470 673 525; x_wconf 82' lang='grc'><strong>9.</strong></span> <span class='ocrx_word' id='word_1_22' title='bbox 710 469 740 521; x_wconf 88' lang='grc' dir='ltr'><strong><em>Β</em></strong></span> <span class='ocrx_word' id='word_1_23' title='bbox 782 485 856 524; x_wconf 78' lang='lat' dir='ltr'><strong>css-m.</strong></span> <span class='ocrx_word' id='word_1_24' title='bbox 875 467 952 539; x_wconf 75' lang='lat' dir='ltr'><strong>alleg.</strong></span> <span class='ocrx_word' id='word_1_25' title='bbox 966 467 1007 522; x_wconf 87' lang='lat' dir='ltr'><strong>loc.</strong></span> 
     </span>
     <span class='ocr_line' id='line_1_4' title="bbox 104 507 1007 658; baseline -0.009 -60"><span class='ocrx_word' id='word_1_26' title='bbox 104 559 128 598; x_wconf 88' lang='lat' dir='ltr'><strong>c.</strong></span> <span class='ocrx_word' id='word_1_27' title='bbox 150 547 174 598; x_wconf 87' lang='lat'><strong>8.</strong></span> <span class='ocrx_word' id='word_1_28' title='bbox 199 539 251 595; x_wconf 86' lang='lat' dir='ltr'><strong>col</strong></span> <span class='ocrx_word' id='word_1_29' title='bbox 276 536 390 618; x_wconf 59' lang='lat' dir='ltr'><strong>alen.</strong></span> <span class='ocrx_word' id='word_1_30' title='bbox 437 507 481 618; x_wconf 66' lang='lat' dir='ltr'><strong>lla</strong></span> <span class='ocrx_word' id='word_1_31' title='bbox 506 535 580 592; x_wconf 89' lang='lat' dir='ltr'><strong>enim</strong></span> <span class='ocrx_word' id='word_1_32' title='bbox 607 535 744 617; x_wconf 32' lang='lat' dir='ltr'><strong>nonofuit</strong></span> <span class='ocrx_word' id='word_1_33' title='bbox 766 541 857 658; x_wconf 48' lang='lat' dir='ltr'><strong>tppns</strong></span> <span class='ocrx_word' id='word_1_34' title='bbox 884 535 1007 619; x_wconf 69' lang='lat' dir='ltr'><strong>sanguinis</strong></span> 
     </span>
     <span class='ocr_line' id='line_1_5' title="bbox 105 604 1008 677; baseline -0.008 -11"><span class='ocrx_word' id='word_1_35' title='bbox 105 609 209 667; x_wconf 77' lang='lat' dir='ltr'>Christi</span> <span class='ocrx_word' id='word_1_36' title='bbox 232 608 262 662; x_wconf 90' lang='lat' dir='ltr'><strong>in</strong></span> <span class='ocrx_word' id='word_1_37' title='bbox 279 604 415 662; x_wconf 88' lang='lat' dir='ltr'><strong>sacniicio</strong></span> <span class='ocrx_word' id='word_1_38' title='bbox 431 621 534 660; x_wconf 84' lang='lat' dir='ltr'><strong>mrssne</strong></span> <span class='ocrx_word' id='word_1_39' title='bbox 553 605 689 661; x_wconf 77' lang='lat' dir='ltr'><strong>offerendi</strong></span> <span class='ocrx_word' id='word_1_40' title='bbox 728 621 784 676; x_wconf 87' lang='lat' dir='ltr'><strong>exp</strong></span> <span class='ocrx_word' id='word_1_41' title='bbox 797 611 891 662; x_wconf 88' lang='lat' dir='ltr'><strong>rcante</strong></span> <span class='ocrx_word' id='word_1_42' title='bbox 907 604 1008 677; x_wconf 77' lang='lat' dir='ltr'><strong>epistola</strong></span> 
     </span>
     <span class='ocr_line' id='line_1_6' title="bbox 110 645 1008 745; baseline -0.01 -10"><span class='ocrx_word' id='word_1_43' title='bbox 110 679 149 735; x_wconf 80' lang='lat' dir='ltr'><strong>ao</strong></span> <span class='ocrx_word' id='word_1_44' title='bbox 173 678 261 731; x_wconf 67' lang='lat' dir='ltr'><strong>Hae.</strong></span> <span class='ocrx_word' id='word_1_45' title='bbox 278 679 304 745; x_wconf 83' lang='lat'><strong>9,</strong></span> <span class='ocrx_word' id='word_1_46' title='bbox 324 679 364 729; x_wconf 79' lang='lat' dir='ltr'><strong>ra.</strong></span> <span class='ocrx_word' id='word_1_47' title='bbox 383 679 427 729; x_wconf 80' lang='lat'><strong>19.</strong></span> <span class='ocrx_word' id='word_1_48' title='bbox 448 677 495 731; x_wconf 86' lang='lat'><strong>20.</strong></span> <span class='ocrx_word' id='word_1_49' title='bbox 514 682 564 729; x_wconf 70' lang='lat' dir='ltr'><strong>ee.</strong></span> <span class='ocrx_word' id='word_1_50' title='bbox 598 674 654 728; x_wconf 75' lang='lat' dir='ltr'><strong>uu</strong></span> <span class='ocrx_word' id='word_1_51' title='bbox 670 645 764 728; x_wconf 72' lang='lat' dir='ltr'><strong>oleas</strong></span> <span class='ocrx_word' id='word_1_52' title='bbox 784 679 812 730; x_wconf 86' lang='lat' dir='ltr'><strong>a.</strong></span> <span class='ocrx_word' id='word_1_53' title='bbox 839 676 913 733; x_wconf 76' lang='lat' dir='ltr'><strong>Mat.</strong></span> <span class='ocrx_word' id='word_1_54' title='bbox 930 677 1008 744; x_wconf 67' lang='lat' dir='ltr'><strong>uri.-</strong></span> 
     </span>
     <span class='ocr_line' id='line_1_7' title="bbox 107 742 1007 819; baseline -0.003 -17"><span class='ocrx_word' id='word_1_55' title='bbox 107 750 240 819; x_wconf 79' lang='lat' dir='ltr'><strong>offoretm·</strong></span> <span class='ocrx_word' id='word_1_56' title='bbox 262 743 371 798; x_wconf 75' lang='lat' dir='ltr'><strong>nomini</strong></span> <span class='ocrx_word' id='word_1_57' title='bbox 389 761 450 797; x_wconf 84' lang='lat' dir='ltr'><strong>meo</strong></span> <span class='ocrx_word' id='word_1_58' title='bbox 470 742 575 797; x_wconf 82' lang='lat' dir='ltr'><strong>oblatio</strong></span> <span class='ocrx_word' id='word_1_59' title='bbox 594 745 709 798; x_wconf 79' lang='lat' dir='ltr'><strong>mundo.</strong></span> <span class='ocrx_word' id='word_1_60' title='bbox 745 745 835 797; x_wconf 85' lang='lat' dir='ltr'><strong><em>Idem</em></strong></span> <span class='ocrx_word' id='word_1_61' title='bbox 852 743 921 800; x_wconf 82' lang='lat' dir='ltr'><strong>ibid.</strong></span> <span class='ocrx_word' id='word_1_62' title='bbox 938 761 960 799; x_wconf 86' lang='lat' dir='ltr'><strong>c</strong></span> <span class='ocrx_word' id='word_1_63' title='bbox 976 748 1007 799; x_wconf 83' lang='lat' dir='ltr'><strong>to.</strong></span> 
     </span>
     <span class='ocr_line' id='line_1_8' title="bbox 106 810 1009 882; baseline -0.006 -10"><span class='ocrx_word' id='word_1_64' title='bbox 106 816 226 872; x_wconf 71' lang='lat' dir='ltr'><strong>coibit.</strong></span> <span class='ocrx_word' id='word_1_65' title='bbox 239 814 272 869; x_wconf 92' lang='lat' dir='ltr'><strong>B.</strong></span> <span class='ocrx_word' id='word_1_66' title='bbox 304 812 382 877; x_wconf 81' lang='lat' dir='ltr'><strong>Quae</strong></span> <span class='ocrx_word' id='word_1_67' title='bbox 396 812 470 866; x_wconf 90' lang='lat' dir='ltr'><strong>enim</strong></span> <span class='ocrx_word' id='word_1_68' title='bbox 489 810 701 882; x_wconf 75' lang='lat' dir='ltr'><strong>consequentia:</strong></span> <span class='ocrx_word' id='word_1_69' title='bbox 720 811 775 866; x_wconf 87' lang='lat' dir='ltr'><strong>crit</strong></span> <span class='ocrx_word' id='word_1_70' title='bbox 793 811 901 868; x_wconf 86' lang='lat' dir='ltr'><strong>oblatio</strong></span> <span class='ocrx_word' id='word_1_71' title='bbox 914 810 1009 875; x_wconf 77' lang='lat' dir='ltr'><strong>munds,</strong></span> 
     </span>
     <span class='ocr_line' id='line_1_9' title="bbox 105 878 1009 949; baseline -0.006 -10"><span class='ocrx_word' id='word_1_72' title='bbox 105 885 140 941; x_wconf 87' lang='lat' dir='ltr'><strong>E.</strong></span> <span class='ocrx_word' id='word_1_73' title='bbox 162 883 247 937; x_wconf 89' lang='lat' dir='ltr'><strong>missa</strong></span> <span class='ocrx_word' id='word_1_74' title='bbox 264 888 307 936; x_wconf 91' lang='lat' dir='ltr'><strong>est</strong></span> <span class='ocrx_word' id='word_1_75' title='bbox 330 881 434 936; x_wconf 88' lang='lat' dir='ltr'><strong>oblatio</strong></span> <span class='ocrx_word' id='word_1_76' title='bbox 459 880 509 935; x_wconf 91' lang='lat' dir='ltr'><strong>illa</strong></span> <span class='ocrx_word' id='word_1_77' title='bbox 525 880 652 934; x_wconf 85' lang='lat' dir='ltr'><strong>munda?</strong></span> <span class='ocrx_word' id='word_1_78' title='bbox 676 878 899 949; x_wconf 71' lang='grc' dir='ltr'><strong><em>ἀσυλλογίστως.</em></strong></span> <span class='ocrx_word' id='word_1_79' title='bbox 936 887 959 938; x_wconf 86' lang='grc'><strong>2.</strong></span> <span class='ocrx_word' id='word_1_80' title='bbox 969 880 1009 934; x_wconf 79' lang='lat' dir='ltr'><strong>Est</strong></span> 
     </span>
     <span class='ocr_line' id='line_1_10' title="bbox 107 947 1009 1020; baseline -0.006 -12"><span class='ocrx_word' id='word_1_81' title='bbox 107 951 213 1008; x_wconf 78' lang='lat' dir='ltr'><strong>elench.</strong></span> <span class='ocrx_word' id='word_1_82' title='bbox 242 951 383 1020; x_wconf 83' lang='lat' dir='ltr'><strong>interpret.</strong></span> <span class='ocrx_word' id='word_1_83' title='bbox 434 948 541 1004; x_wconf 88' lang='lat' dir='ltr'><strong>Munda</strong></span> <span class='ocrx_word' id='word_1_84' title='bbox 572 949 627 1003; x_wconf 83' lang='lat' dir='ltr'><strong>ista</strong></span> <span class='ocrx_word' id='word_1_85' title='bbox 653 947 759 1004; x_wconf 88' lang='lat' dir='ltr'><strong>oblatio</strong></span> <span class='ocrx_word' id='word_1_86' title='bbox 787 956 834 1004; x_wconf 86' lang='lat' dir='ltr'><strong>est</strong></span> <span class='ocrx_word' id='word_1_87' title='bbox 863 948 1009 1006; x_wconf 65' lang='lat' dir='ltr'><strong>martiuum</strong></span> 
     </span>
     <span class='ocr_line' id='line_1_11' title="bbox 107 1017 1008 1091; baseline -0.004 -15"><span class='ocrx_word' id='word_1_88' title='bbox 107 1019 258 1091; x_wconf 82' lang='lat' dir='ltr'><strong>evangelii,</strong></span> <span class='ocrx_word' id='word_1_89' title='bbox 278 1021 357 1073; x_wconf 85' lang='lat' dir='ltr'><strong>Rom.</strong></span> <span class='ocrx_word' id='word_1_90' title='bbox 375 1021 419 1082; x_wconf 79' lang='lat'><strong>15,</strong></span> <span class='ocrx_word' id='word_1_91' title='bbox 438 1021 486 1087; x_wconf 81' lang='grc'><em>16,</em></span> <span class='ocrx_word' id='word_1_92' title='bbox 513 1023 543 1072; x_wconf 91' lang='lat' dir='ltr'><strong>ct</strong></span> <span class='ocrx_word' id='word_1_93' title='bbox 558 1017 639 1085; x_wconf 75' lang='lat' dir='ltr'><strong>fidet,</strong></span> <span class='ocrx_word' id='word_1_94' title='bbox 657 1018 738 1072; x_wconf 70' lang='lat' dir='ltr'><strong>Pte.</strong></span> <span class='ocrx_word' id='word_1_95' title='bbox 756 1020 786 1087; x_wconf 92' lang='grc'><strong>2,</strong></span> <span class='ocrx_word' id='word_1_96' title='bbox 806 1022 858 1088; x_wconf 90' lang='grc'><em>17,</em></span> <span class='ocrx_word' id='word_1_97' title='bbox 875 1019 962 1075; x_wconf 88' lang='lat' dir='ltr'><strong>hostia</strong></span> <span class='ocrx_word' id='word_1_98' title='bbox 974 1034 1008 1072; x_wconf 83' lang='lat' dir='ltr'><strong>sc·</strong></span> 
     </span>
     <span class='ocr_line' id='line_1_12' title="bbox 105 1086 1008 1159; baseline -0.001 -15"><span class='ocrx_word' id='word_1_99' title='bbox 105 1095 189 1159; x_wconf 89' lang='lat' dir='ltr'><strong>cepta</strong></span> <span class='ocrx_word' id='word_1_100' title='bbox 205 1088 458 1158; x_wconf 86' lang='lat' dir='ltr'><strong>eleemosynarum,</strong></span> <span class='ocrx_word' id='word_1_101' title='bbox 483 1087 560 1151; x_wconf 71' lang='lat' dir='ltr'><strong>Phil.</strong></span> <span class='ocrx_word' id='word_1_102' title='bbox 579 1090 604 1153; x_wconf 79' lang='lat'><strong>4,</strong></span> <span class='ocrx_word' id='word_1_103' title='bbox 622 1089 668 1151; x_wconf 82' lang='lat'><strong>18,</strong></span> <span class='ocrx_word' id='word_1_104' title='bbox 691 1086 788 1142; x_wconf 83' lang='lat' dir='ltr'><strong>hostia</strong></span> <span class='ocrx_word' id='word_1_105' title='bbox 812 1087 908 1143; x_wconf 86' lang='lat' dir='ltr'><strong>laudis</strong></span> <span class='ocrx_word' id='word_1_106' title='bbox 923 1092 952 1143; x_wconf 85' lang='lat' dir='ltr'><strong>et</strong></span> <span class='ocrx_word' id='word_1_107' title='bbox 964 1086 1008 1142; x_wconf 78' lang='lat' dir='ltr'><strong>nr-</strong></span> 
     </span>
     <span class='ocr_line' id='line_1_13' title="bbox 107 1155 1008 1227; baseline -0.004 -14"><span class='ocrx_word' id='word_1_108' title='bbox 107 1163 169 1213; x_wconf 87' lang='lat' dir='ltr'><strong>ctus</strong></span> <span class='ocrx_word' id='word_1_109' title='bbox 187 1156 336 1225; x_wconf 82' lang='lat' dir='ltr'><strong>labiorum,</strong></span> <span class='ocrx_word' id='word_1_110' title='bbox 362 1157 450 1210; x_wconf 84' lang='lat' dir='ltr'><strong>Hebr.</strong></span> <span class='ocrx_word' id='word_1_111' title='bbox 469 1159 519 1225; x_wconf 82' lang='lat'><strong>13,</strong></span> <span class='ocrx_word' id='word_1_112' title='bbox 540 1159 588 1224; x_wconf 74' lang='lat'><strong>15,</strong></span> <span class='ocrx_word' id='word_1_113' title='bbox 611 1172 684 1227; x_wconf 85' lang='lat' dir='ltr'><strong>quae</strong></span> <span class='ocrx_word' id='word_1_114' title='bbox 706 1155 819 1211; x_wconf 75' lang='lat' dir='ltr'><strong>hostiae</strong></span> <span class='ocrx_word' id='word_1_115' title='bbox 840 1157 965 1212; x_wconf 81' lang='lat' dir='ltr'><strong>dicuntur</strong></span> <span class='ocrx_word' id='word_1_116' title='bbox 979 1155 1008 1209; x_wconf 79' lang='lat' dir='ltr'><strong>ri</strong></span> 
     </span>
     <span class='ocr_line' id='line_1_14' title="bbox 106 1223 1007 1296; baseline 0 -16"><span class='ocrx_word' id='word_1_117' title='bbox 106 1231 221 1295; x_wconf 83' lang='lat' dir='ltr'><strong>ventes,</strong></span> <span class='ocrx_word' id='word_1_118' title='bbox 243 1232 368 1289; x_wconf 86' lang='lat' dir='ltr'><strong>sanctae,</strong></span> <span class='ocrx_word' id='word_1_119' title='bbox 389 1223 450 1280; x_wconf 90' lang='lat' dir='ltr'><strong>Deo</strong></span> <span class='ocrx_word' id='word_1_120' title='bbox 473 1225 632 1296; x_wconf 78' lang='lat' dir='ltr'><strong>placentes,</strong></span> <span class='ocrx_word' id='word_1_121' title='bbox 656 1225 740 1279; x_wconf 85' lang='lat' dir='ltr'><strong>Rom.</strong></span> <span class='ocrx_word' id='word_1_122' title='bbox 765 1228 818 1293; x_wconf 87' lang='grc'><em>12,</em></span> <span class='ocrx_word' id='word_1_123' title='bbox 844 1231 873 1294; x_wconf 91' lang='grc'><em>1,</em></span> <span class='ocrx_word' id='word_1_124' title='bbox 899 1225 1007 1296; x_wconf 81' lang='lat' dir='ltr'><strong>spiritus·</strong></span> 
     </span>
     <span class='ocr_line' id='line_1_15' title="bbox 106 1290 1008 1366; baseline -0.002 -16"><span class='ocrx_word' id='word_1_125' title='bbox 106 1296 156 1365; x_wconf 88' lang='lat' dir='ltr'><strong>les,</strong></span> <span class='ocrx_word' id='word_1_126' title='bbox 182 1299 208 1350; x_wconf 88' lang='lat'><strong>1.</strong></span> <span class='ocrx_word' id='word_1_127' title='bbox 223 1296 302 1349; x_wconf 78' lang='lat' dir='ltr'><strong>Patr.</strong></span> <span class='ocrx_word' id='word_1_128' title='bbox 321 1296 348 1361; x_wconf 88' lang='lat'><strong>2,</strong></span> <span class='ocrx_word' id='word_1_129' title='bbox 365 1298 392 1351; x_wconf 74' lang='lat'><strong>5.</strong></span> <span class='ocrx_word' id='word_1_130' title='bbox 438 1293 577 1364; x_wconf 85' lang='lat' dir='ltr'><strong>Pleraque</strong></span> <span class='ocrx_word' id='word_1_131' title='bbox 605 1292 691 1365; x_wconf 88' lang='lat' dir='ltr'><strong>igitur</strong></span> <span class='ocrx_word' id='word_1_132' title='bbox 716 1310 749 1348; x_wconf 88' lang='lat' dir='ltr'><strong>ar</strong></span> <span class='ocrx_word' id='word_1_133' title='bbox 821 1300 890 1350; x_wconf 86' lang='lat' dir='ltr'><strong>enta</strong></span> <span class='ocrx_word' id='word_1_134' title='bbox 916 1290 1008 1366; x_wconf 82' lang='lat' dir='ltr'><strong>pontifi·</strong></span> 
     </span>
     <span class='ocr_line' id='line_1_16' title="bbox 107 1360 1008 1434; baseline -0.003 -14"><span class='ocrx_word' id='word_1_135' title='bbox 107 1364 212 1420; x_wconf 90' lang='lat' dir='ltr'><strong>ciorum</strong></span> <span class='ocrx_word' id='word_1_136' title='bbox 242 1363 273 1418; x_wconf 93' lang='lat' dir='ltr'><strong>in</strong></span> <span class='ocrx_word' id='word_1_137' title='bbox 304 1362 357 1417; x_wconf 86' lang='lat' dir='ltr'><strong>hac</strong></span> <span class='ocrx_word' id='word_1_138' title='bbox 387 1362 501 1434; x_wconf 87' lang='lat' dir='ltr'><strong>quidem</strong></span> <span class='ocrx_word' id='word_1_139' title='bbox 531 1362 719 1417; x_wconf 79' lang='lat' dir='ltr'><strong>controversia</strong></span> <span class='ocrx_word' id='word_1_140' title='bbox 780 1361 888 1418; x_wconf 87' lang='lat' dir='ltr'><strong>borant</strong></span> <span class='ocrx_word' id='word_1_141' title='bbox 921 1360 1008 1419; x_wconf 80' lang='lat' dir='ltr'><strong>alancb</strong></span> 
     </span>
     <span class='ocr_line' id='line_1_17' title="bbox 105 1430 1008 1503; baseline -0.003 -15"><span class='ocrx_word' id='word_1_142' title='bbox 105 1433 264 1502; x_wconf 87' lang='lat' dir='ltr'><strong>homonym.</strong></span> <span class='ocrx_word' id='word_1_143' title='bbox 283 1437 312 1486; x_wconf 89' lang='lat' dir='ltr'><strong>et</strong></span> <span class='ocrx_word' id='word_1_144' title='bbox 324 1437 347 1487; x_wconf 82' lang='lat'><strong>4.</strong></span> <span class='ocrx_word' id='word_1_145' title='bbox 359 1431 468 1488; x_wconf 88' lang='lat' dir='ltr'><strong>termin.</strong></span> <span class='ocrx_word' id='word_1_146' title='bbox 486 1431 553 1487; x_wconf 93' lang='lat' dir='ltr'><strong>item</strong></span> <span class='ocrx_word' id='word_1_147' title='bbox 573 1446 609 1485; x_wconf 87' lang='lat' dir='ltr'><strong>ue</strong></span> <span class='ocrx_word' id='word_1_148' title='bbox 619 1447 731 1502; x_wconf 88' lang='lat' dir='ltr'><strong>conseq.</strong></span> <span class='ocrx_word' id='word_1_149' title='bbox 790 1430 924 1502; x_wconf 73' lang='lat' dir='ltr'><strong>intinctio,</strong></span> <span class='ocrx_word' id='word_1_150' title='bbox 941 1447 1008 1503; x_wconf 84' lang='lat' dir='ltr'><strong>quan</strong></span> 
     </span>
     <span class='ocr_line' id='line_1_18' title="bbox 106 1449 1008 1569; baseline -0.001 -13"><span class='ocrx_word' id='word_1_151' title='bbox 106 1501 243 1568; x_wconf 82' lang='lat' dir='ltr'><strong>afferunt,</strong></span> <span class='ocrx_word' id='word_1_152' title='bbox 265 1498 338 1554; x_wconf 90' lang='lat' dir='ltr'><strong>inter</strong></span> <span class='ocrx_word' id='word_1_153' title='bbox 361 1500 532 1569; x_wconf 74' lang='lat' dir='ltr'><strong>aacnfietmn</strong></span> <span class='ocrx_word' id='word_1_154' title='bbox 549 1449 653 1555; x_wconf 52' lang='lat' dir='ltr'><strong>&amp;bristi</strong></span> <span class='ocrx_word' id='word_1_155' title='bbox 671 1508 822 1554; x_wconf 64' lang='lat' dir='ltr'><strong>wuemstm</strong></span> <span class='ocrx_word' id='word_1_156' title='bbox 847 1510 875 1555; x_wconf 83' lang='lat' dir='ltr'><strong>et</strong></span> <span class='ocrx_word' id='word_1_157' title='bbox 898 1501 1008 1555; x_wconf 67' lang='lat' dir='ltr'><strong>innuen</strong></span> 
     </span>
     <span class='ocr_line' id='line_1_19' title="bbox 106 1566 1005 1640; baseline 0.001 -18"><span class='ocrx_word' id='word_1_158' title='bbox 106 1577 172 1637; x_wconf 81' lang='lat' dir='ltr'><strong>tam,</strong></span> <span class='ocrx_word' id='word_1_159' title='bbox 193 1569 301 1625; x_wconf 78' lang='lat' dir='ltr'><strong>Cooctl.</strong></span> <span class='ocrx_word' id='word_1_160' title='bbox 323 1568 451 1622; x_wconf 66' lang='lat' dir='ltr'><strong>Trident.</strong></span> <span class='ocrx_word' id='word_1_161' title='bbox 467 1584 534 1626; x_wconf 87' lang='lat' dir='ltr'><strong>sesa.</strong></span> <span class='ocrx_word' id='word_1_162' title='bbox 553 1575 594 1624; x_wconf 88' lang='grc'><strong>22.</strong></span> <span class='ocrx_word' id='word_1_163' title='bbox 614 1584 637 1622; x_wconf 91' lang='lat' dir='ltr'><strong>c.</strong></span> <span class='ocrx_word' id='word_1_164' title='bbox 657 1574 680 1623; x_wconf 85' lang='grc'><strong>2.</strong></span> <span class='ocrx_word' id='word_1_165' title='bbox 710 1568 810 1629; x_wconf 80' lang='lat' dir='ltr'><strong>Oasis.</strong></span> <span class='ocrx_word' id='word_1_166' title='bbox 827 1586 905 1640; x_wconf 89' lang='lat' dir='ltr'><strong>oper.</strong></span> <span class='ocrx_word' id='word_1_167' title='bbox 917 1566 1005 1626; x_wconf 82' lang='lat' dir='ltr'><strong>catecb</strong></span> 
     </span>
     <span class='ocr_line' id='line_1_20' title="bbox 107 1636 1007 1708; baseline 0.003 -16"><span class='ocrx_word' id='word_1_168' title='bbox 107 1637 336 1708; x_wconf 65' lang='lat' dir='ltr'><strong>demissent.</strong></span> <span class='ocrx_word' id='word_1_169' title='bbox 362 1655 388 1706; x_wconf 88' lang='lat' dir='ltr'><strong>p.</strong></span> <span class='ocrx_word' id='word_1_170' title='bbox 409 1643 468 1705; x_wconf 81' lang='grc'><em>235,</em></span> <span class='ocrx_word' id='word_1_171' title='bbox 491 1636 571 1691; x_wconf 90' lang='lat' dir='ltr'><strong>nulla</strong></span> <span class='ocrx_word' id='word_1_172' title='bbox 593 1642 644 1693; x_wconf 91' lang='lat' dir='ltr'><strong>est.</strong></span> <span class='ocrx_word' id='word_1_173' title='bbox 681 1637 802 1694; x_wconf 87' lang='lat' dir='ltr'><strong>Nullum</strong></span> <span class='ocrx_word' id='word_1_174' title='bbox 827 1639 903 1694; x_wconf 90' lang='lat' dir='ltr'><strong>enim</strong></span> <span class='ocrx_word' id='word_1_175' title='bbox 921 1645 943 1695; x_wconf 93' lang='lat'><strong>1.</strong></span> <span class='ocrx_word' id='word_1_176' title='bbox 960 1638 1007 1707; x_wconf 77' lang='lat' dir='ltr'><strong>ejus</strong></span> 
     </span>
     <span class='ocr_line' id='line_1_21' title="bbox 107 1705 1007 1777; baseline -0.003 -16"><span class='ocrx_word' id='word_1_177' title='bbox 107 1707 190 1761; x_wconf 87' lang='lat' dir='ltr'><strong>etiarn</strong></span> <span class='ocrx_word' id='word_1_178' title='bbox 207 1705 254 1760; x_wconf 87' lang='lat' dir='ltr'><strong>vel</strong></span> <span class='ocrx_word' id='word_1_179' title='bbox 272 1705 417 1759; x_wconf 88' lang='lat' dir='ltr'><strong>minimum</strong></span> <span class='ocrx_word' id='word_1_180' title='bbox 435 1712 478 1761; x_wconf 89' lang='lat' dir='ltr'><strong>est</strong></span> <span class='ocrx_word' id='word_1_181' title='bbox 494 1706 643 1777; x_wconf 87' lang='lat' dir='ltr'><strong>vestigium</strong></span> <span class='ocrx_word' id='word_1_182' title='bbox 662 1706 691 1760; x_wconf 91' lang='lat' dir='ltr'><strong>in</strong></span> <span class='ocrx_word' id='word_1_183' title='bbox 704 1706 872 1777; x_wconf 78' lang='lat' dir='ltr'><strong>scripturis.</strong></span> <span class='ocrx_word' id='word_1_184' title='bbox 901 1705 1007 1762; x_wconf 84' lang='lat' dir='ltr'><strong>Probent</strong></span> 
     </span>
     <span class='ocr_line' id='line_1_22' title="bbox 107 1773 1005 1856; baseline 0.002 -26"><span class='ocrx_word' id='word_1_185' title='bbox 107 1776 282 1841; x_wconf 89' lang='lat' dir='ltr'><strong>contrarium,</strong></span> <span class='ocrx_word' id='word_1_186' title='bbox 301 1775 324 1828; x_wconf 88' lang='lat' dir='ltr'><strong>si</strong></span> <span class='ocrx_word' id='word_1_187' title='bbox 335 1782 454 1856; x_wconf 77' lang='lat' dir='ltr'><strong>possunt</strong></span> <span class='ocrx_word' id='word_1_188' title='bbox 465 1773 608 1856; x_wconf 87' lang='lat' dir='ltr'><strong>pontificii.</strong></span> <span class='ocrx_word' id='word_1_189' title='bbox 637 1781 661 1831; x_wconf 88' lang='grc'><strong>2.</strong></span> <span class='ocrx_word' id='word_1_190' title='bbox 674 1774 841 1845; x_wconf 76' lang='lat' dir='ltr'><strong>scripturae</strong></span> <span class='ocrx_word' id='word_1_191' title='bbox 851 1777 1005 1841; x_wconf 78' lang='lat' dir='ltr'><strong>advemstur,</strong></span> 
     </span>
     <span class='ocr_line' id='line_1_23' title="bbox 690 1910 1006 1971; baseline 0.003 -1.058"><span class='ocrx_word' id='word_1_192' title='bbox 563 1910 1006 1971; x_wconf 76' lang='grc'><strong>...</strong></span> 
     </span>
    </p>

    <p class='ocr_par' dir='ltr' id='par_1_3' title="bbox 105 1932 1006 2394">
     <span class='ocr_line' id='line_1_24' title="bbox 138 1932 1005 2053; baseline -0.001 -16"><span class='ocrx_word' id='word_1_193' title='bbox 138 1985 195 2039; x_wconf 83' lang='lat' dir='ltr'><strong>etr.</strong></span> <span class='ocrx_word' id='word_1_194' title='bbox 217 1985 240 2053; x_wconf 89' lang='lat'><strong>7,</strong></span> <span class='ocrx_word' id='word_1_195' title='bbox 259 1985 304 2036; x_wconf 82' lang='grc'><strong>26.</strong></span> <span class='ocrx_word' id='word_1_196' title='bbox 323 1953 367 2034; x_wconf 87' lang='lat'><em>’27.</em></span> <span class='ocrx_word' id='word_1_197' title='bbox 385 1989 412 2033; x_wconf 85' lang='lat' dir='ltr'><strong>et</strong></span> <span class='ocrx_word' id='word_1_198' title='bbox 432 1985 458 2045; x_wconf 86' lang='grc'><strong>9,</strong></span> <span class='ocrx_word' id='word_1_199' title='bbox 480 1954 575 2034; x_wconf 70' lang='grc' dir='ltr'><em>25.ἐι</em></span> <span class='ocrx_word' id='word_1_200' title='bbox 587 1955 670 2049; x_wconf 60' lang='lat' dir='ltr'><strong>seqq,</strong></span> <span class='ocrx_word' id='word_1_201' title='bbox 689 1932 854 2052; x_wconf 54' lang='lat' dir='ltr'><strong>et’quidbm</strong></span> <span class='ocrx_word' id='word_1_202' title='bbox 873 1989 1005 2045; x_wconf 63' lang='lat' dir='ltr'><strong>euentus,</strong></span> 
     </span>
     <span class='ocr_line' id='line_1_25' title="bbox 107 2047 1004 2121; baseline -0.004 -16"><span class='ocrx_word' id='word_1_203' title='bbox 107 2053 195 2107; x_wconf 66' lang='lat' dir='ltr'><strong>Hebe.</strong></span> <span class='ocrx_word' id='word_1_204' title='bbox 208 2055 234 2118; x_wconf 81' lang='lat'><strong>9,</strong></span> <span class='ocrx_word' id='word_1_205' title='bbox 252 2055 296 2118; x_wconf 86' lang='lat'><strong>12,</strong></span> <span class='ocrx_word' id='word_1_206' title='bbox 315 2055 344 2105; x_wconf 86' lang='lat' dir='ltr'><strong>ct</strong></span> <span class='ocrx_word' id='word_1_207' title='bbox 359 2065 410 2121; x_wconf 90' lang='lat' dir='ltr'><strong>per</strong></span> <span class='ocrx_word' id='word_1_208' title='bbox 422 2051 574 2119; x_wconf 80' lang='lat' dir='ltr'><strong>propriam</strong></span> <span class='ocrx_word' id='word_1_209' title='bbox 592 2051 764 2121; x_wconf 84' lang='lat' dir='ltr'><strong>sanguinem,</strong></span> <span class='ocrx_word' id='word_1_210' title='bbox 782 2052 856 2105; x_wconf 79' lang='lat' dir='ltr'><strong>ibid.</strong></span> <span class='ocrx_word' id='word_1_211' title='bbox 873 2072 898 2106; x_wconf 85' lang='lat' dir='ltr'><strong>o.</strong></span> <span class='ocrx_word' id='word_1_212' title='bbox 917 2053 958 2107; x_wconf 83' lang='lat'><strong>12.</strong></span> <span class='ocrx_word' id='word_1_213' title='bbox 981 2047 1004 2101; x_wconf 78' lang='lat' dir='ltr'><strong>E.</strong></span> 
     </span>
     <span class='ocr_line' id='line_1_26' title="bbox 125 2116 1005 2200; baseline 0 -26"><span class='ocrx_word' id='word_1_214' title='bbox 125 2120 181 2175; x_wconf 85' lang='lat' dir='ltr'><strong>uod</strong></span> <span class='ocrx_word' id='word_1_215' title='bbox 198 2120 356 2187; x_wconf 89' lang='lat' dir='ltr'><strong>reiteratur,</strong></span> <span class='ocrx_word' id='word_1_216' title='bbox 383 2118 458 2200; x_wconf 84' lang='lat' dir='ltr'><strong>quod</strong></span> <span class='ocrx_word' id='word_1_217' title='bbox 476 2135 532 2173; x_wconf 93' lang='lat' dir='ltr'><strong>non</strong></span> <span class='ocrx_word' id='word_1_218' title='bbox 556 2125 598 2174; x_wconf 88' lang='lat' dir='ltr'><strong>est</strong></span> <span class='ocrx_word' id='word_1_219' title='bbox 614 2125 774 2188; x_wconf 78' lang='lat' dir='ltr'><strong>cruentum,</strong></span> <span class='ocrx_word' id='word_1_220' title='bbox 800 2137 860 2174; x_wconf 91' lang='lat' dir='ltr'><strong>non</strong></span> <span class='ocrx_word' id='word_1_221' title='bbox 878 2127 921 2176; x_wconf 92' lang='lat' dir='ltr'><strong>est</strong></span> <span class='ocrx_word' id='word_1_222' title='bbox 938 2116 1005 2174; x_wconf 71' lang='lat' dir='ltr'><strong>secu·</strong></span> 
     </span>
     <span class='ocr_line' id='line_1_27' title="bbox 105 2138 1006 2327; baseline 0.001 -16"><span class='ocrx_word' id='word_1_223' title='bbox 105 2138 199 2312; x_wconf 66' lang='lat' dir='ltr'><strong>istu</strong></span> <span class='ocrx_word' id='word_1_224' title='bbox 221 2188 457 2327; x_wconf 48' lang='lat' dir='ltr'><strong>attitiae</strong></span> <span class='ocrx_word' id='word_1_225' title='bbox 480 2186 1006 2312; x_wconf 51' lang='lat' dir='ltr'><strong>reddituum,</strong></span> 
     </span>
     <span class='ocr_line' id='line_1_28' title="bbox 106 2296 995 2394; baseline 0.003 -16"><span class='ocrx_word' id='word_1_226' title='bbox 106 2326 406 2394; x_wconf 74' lang='lat' dir='ltr'><strong>ete.,Hebr.10,14.</strong></span> <span class='ocrx_word' id='word_1_227' title='bbox 443 2296 476 2380; x_wconf 69' lang='grc' dir='ltr'><strong>Ε’.</strong></span> <span class='ocrx_word' id='word_1_228' title='bbox 500 2325 607 2379; x_wconf 90' lang='lat' dir='ltr'><strong>nullum</strong></span> <span class='ocrx_word' id='word_1_229' title='bbox 625 2326 802 2380; x_wconf 87' lang='lat' dir='ltr'><strong>incruentum</strong></span> <span class='ocrx_word' id='word_1_230' title='bbox 825 2325 995 2391; x_wconf 74' lang='lat' dir='ltr'><strong>sacrificinm)</strong></span> 
     </span>
    </p>
   </div>
   <div class='ocr_carea' id='block_1_3' title="bbox 108 2477 1004 2632">
    <p class='ocr_par' dir='ltr' id='par_1_4' title="bbox 108 2477 1004 2632">
     <span class='ocr_line' id='line_1_29' title="bbox 108 2477 1004 2550; baseline 0.004 -5"><span class='ocrx_word' id='word_1_231' title='bbox 108 2479 173 2545; x_wconf 84' lang='lat' dir='ltr'><strong>DE</strong></span> <span class='ocrx_word' id='word_1_232' title='bbox 196 2477 435 2546; x_wconf 81' lang='lat' dir='ltr'>SUBJECTO</span> <span class='ocrx_word' id='word_1_233' title='bbox 456 2480 518 2543; x_wconf 84' lang='lat' dir='ltr'><strong>ET</strong></span> <span class='ocrx_word' id='word_1_234' title='bbox 539 2478 804 2546; x_wconf 83' lang='lat' dir='ltr'><strong>ADJUNOTIS</strong></span> <span class='ocrx_word' id='word_1_235' title='bbox 823 2479 1004 2550; x_wconf 85' lang='lat' dir='ltr'>CIROUM·</span> 
     </span>
     <span class='ocr_line' id='line_1_30' title="bbox 342 2561 783 2632; baseline 0.009 -4"><span class='ocrx_word' id='word_1_236' title='bbox 342 2561 555 2631; x_wconf 83' lang='lat' dir='ltr'>STANTIIS</span> <span class='ocrx_word' id='word_1_237' title='bbox 579 2563 783 2632; x_wconf 82' lang='lat' dir='ltr'><strong>COENAE.</strong></span> 
     </span>
    </p>
   </div>
   <div class='ocr_carea' id='block_1_4' title="bbox 137 2699 986 2778">
    <p class='ocr_par' dir='ltr' id='par_1_5' title="bbox 137 2699 986 2778">
     <span class='ocr_line' id='line_1_31' title="bbox 137 2699 986 2778; baseline -0.006 -11"><span class='ocrx_word' id='word_1_238' title='bbox 137 2701 187 2768; x_wconf 79' lang='grc'><strong>74.</strong></span> <span class='ocrx_word' id='word_1_239' title='bbox 225 2699 342 2778; x_wconf 78' lang='lat' dir='ltr'><strong>Quibus</strong></span> <span class='ocrx_word' id='word_1_240' title='bbox 363 2702 616 2765; x_wconf 73' lang='lat' dir='ltr'><strong>administranda</strong></span> <span class='ocrx_word' id='word_1_241' title='bbox 637 2712 680 2765; x_wconf 82' lang='lat' dir='ltr'><strong>est</strong></span> <span class='ocrx_word' id='word_1_242' title='bbox 700 2724 796 2766; x_wconf 77' lang='lat' dir='ltr'><strong>coena</strong></span> <span class='ocrx_word' id='word_1_243' title='bbox 819 2699 986 2768; x_wconf 78' lang='lat' dir='ltr'><strong>dominico?</strong></span> 
     </span>
    </p>
   </div>
   <div class='ocr_carea' id='block_1_5' title="bbox 106 2797 1003 3057">
    <p class='ocr_par' dir='ltr' id='par_1_6' title="bbox 106 2797 1003 3057">
     <span class='ocr_line' id='line_1_32' title="bbox 142 2797 1001 2887; baseline 0.001 -21"><span class='ocrx_word' id='word_1_244' title='bbox 142 2832 145 2837; x_wconf 93' lang='lat'>·</span> <span class='ocrx_word' id='word_1_245' title='bbox 193 2799 278 2866; x_wconf 87' lang='lat' dir='ltr'><strong>Solis</strong></span> <span class='ocrx_word' id='word_1_246' title='bbox 300 2797 492 2887; x_wconf 85' lang='lat' dir='ltr'><strong>horninibus,</strong></span> <span class='ocrx_word' id='word_1_247' title='bbox 511 2802 541 2865; x_wconf 90' lang='lat' dir='ltr'><strong>le</strong></span> <span class='ocrx_word' id='word_1_248' title='bbox 578 2802 653 2868; x_wconf 87' lang='lat' dir='ltr'><strong>time</strong></span> <span class='ocrx_word' id='word_1_249' title='bbox 675 2802 823 2885; x_wconf 87' lang='lat' dir='ltr'><strong>ejusdem</strong></span> <span class='ocrx_word' id='word_1_250' title='bbox 845 2827 939 2870; x_wconf 89' lang='lat' dir='ltr'><strong>usum</strong></span> <span class='ocrx_word' id='word_1_251' title='bbox 958 2823 1001 2867; x_wconf 89' lang='lat' dir='ltr'><strong>ex·</strong></span> 
     </span>
     <span class='ocr_line' id='line_1_33' title="bbox 106 2825 1003 2974; baseline 0 -23"><span class='ocrx_word' id='word_1_252' title='bbox 106 2885 298 2974; x_wconf 89' lang='lat' dir='ltr'><strong>petentibus,</strong></span> <span class='ocrx_word' id='word_1_253' title='bbox 320 2885 376 2969; x_wconf 93' lang='lat' dir='ltr'><strong>qui</strong></span> <span class='ocrx_word' id='word_1_254' title='bbox 391 2886 496 2965; x_wconf 86' lang='lat' dir='ltr'><strong>edere,</strong></span> <span class='ocrx_word' id='word_1_255' title='bbox 517 2825 637 2964; x_wconf 52' lang='lat' dir='ltr'><strong>bibere,</strong></span> <span class='ocrx_word' id='word_1_256' title='bbox 659 2898 795 2952; x_wconf 87' lang='lat' dir='ltr'><strong>mortem</strong></span> <span class='ocrx_word' id='word_1_257' title='bbox 810 2882 945 2955; x_wconf 81' lang='lat' dir='ltr'><strong>Domini</strong></span> <span class='ocrx_word' id='word_1_258' title='bbox 960 2908 1003 2951; x_wconf 86' lang='lat' dir='ltr'><strong>au·</strong></span> 
     </span>
     <span class='ocr_line' id='line_1_34' title="bbox 106 2970 807 3057; baseline -0.001 -20"><span class='ocrx_word' id='word_1_259' title='bbox 106 2971 267 3047; x_wconf 85' lang='lat' dir='ltr'><strong>nunciare,</strong></span> <span class='ocrx_word' id='word_1_260' title='bbox 289 2980 321 3034; x_wconf 90' lang='lat' dir='ltr'><strong>ct</strong></span> <span class='ocrx_word' id='word_1_261' title='bbox 342 2992 376 3034; x_wconf 86' lang='lat' dir='ltr'><strong>se</strong></span> <span class='ocrx_word' id='word_1_262' title='bbox 397 2970 484 3056; x_wconf 88' lang='lat' dir='ltr'><strong>ipsos</strong></span> <span class='ocrx_word' id='word_1_263' title='bbox 505 2973 643 3056; x_wconf 87' lang='lat' dir='ltr'><strong>probare</strong></span> <span class='ocrx_word' id='word_1_264' title='bbox 663 2983 807 3057; x_wconf 86' lang='lat' dir='ltr'><strong>possunt.</strong></span> 
     </span>
    </p>
   </div>
   <div class='ocr_carea' id='block_1_6' title="bbox 106 3070 1003 3351">
    <p class='ocr_par' dir='ltr' id='par_1_7' title="bbox 106 3070 1003 3351">
     <span class='ocr_line' id='line_1_35' title="bbox 175 3070 1003 3196; baseline -0.001 -70"><span class='ocrx_word' id='word_1_265' title='bbox 175 3074 192 3141; x_wconf 95' lang='lat'><em>(</em></span> <span class='ocrx_word' id='word_1_266' title='bbox 195 3073 306 3151; x_wconf 75' lang='lat' dir='ltr'><strong>Errant</strong></span> <span class='ocrx_word' id='word_1_267' title='bbox 322 3070 408 3142; x_wconf 82' lang='lat' dir='ltr'><strong>igitur</strong></span> <span class='ocrx_word' id='word_1_268' title='bbox 423 3073 573 3142; x_wconf 74' lang='lat' dir='ltr'><strong>pontificii,</strong></span> <span class='ocrx_word' id='word_1_269' title='bbox 592 3074 640 3154; x_wconf 79' lang='lat' dir='ltr'><strong>qui</strong></span> <span class='ocrx_word' id='word_1_270' title='bbox 647 3090 730 3196; x_wconf 67' lang='lat' dir='ltr'><strong>1pitane</strong></span> <span class='ocrx_word' id='word_1_271' title='bbox 747 3080 912 3130; x_wconf 87' lang='lat' dir='ltr'><strong>consecrato</strong></span> <span class='ocrx_word' id='word_1_272' title='bbox 923 3073 957 3129; x_wconf 88' lang='lat' dir='ltr'><strong>ad</strong></span> <span class='ocrx_word' id='word_1_273' title='bbox 971 3085 1003 3125; x_wconf 85' lang='lat' dir='ltr'><strong>rs·</strong></span> 
     </span>
     <span class='ocr_line' id='line_1_36' title="bbox 106 3137 1002 3215; baseline 0.003 -20"><span class='ocrx_word' id='word_1_274' title='bbox 106 3141 275 3213; x_wconf 83' lang='lat' dir='ltr'><strong>stinguendn</strong></span> <span class='ocrx_word' id='word_1_275' title='bbox 295 3140 424 3194; x_wconf 77' lang='lat' dir='ltr'><strong>incendia</strong></span> <span class='ocrx_word' id='word_1_276' title='bbox 451 3146 567 3195; x_wconf 89' lang='lat' dir='ltr'><strong>utuntur</strong></span> <span class='ocrx_word' id='word_1_277' title='bbox 593 3160 623 3196; x_wconf 88' lang='lat' dir='ltr'><strong>m</strong></span> <span class='ocrx_word' id='word_1_278' title='bbox 661 3149 719 3197; x_wconf 88' lang='lat' dir='ltr'><strong>esto</strong></span> <span class='ocrx_word' id='word_1_279' title='bbox 739 3160 759 3196; x_wconf 89' lang='lat' dir='ltr'><strong>s.</strong></span> <span class='ocrx_word' id='word_1_280' title='bbox 780 3143 920 3215; x_wconf 81' lang='lat' dir='ltr'><strong>Agathae.</strong></span> <span class='ocrx_word' id='word_1_281' title='bbox 953 3137 1002 3198; x_wconf 74' lang='lat' dir='ltr'><strong>Vll·</strong></span> 
     </span>
     <span class='ocr_line' id='line_1_37' title="bbox 109 3209 1002 3268; baseline -0.001 -3"><span class='ocrx_word' id='word_1_282' title='bbox 109 3210 288 3265; x_wconf 68' lang='lat' dir='ltr'><strong>sacerdotal.</strong></span> <span class='ocrx_word' id='word_1_283' title='bbox 312 3210 393 3262; x_wconf 82' lang='lat' dir='ltr'><strong>Rom.</strong></span> <span class='ocrx_word' id='word_1_284' title='bbox 439 3249 446 3261; x_wconf 92' lang='lat'><strong>.</strong></span> <span class='ocrx_word' id='word_1_285' title='bbox 469 3210 529 3266; x_wconf 62' lang='lat'><strong>1943</strong></span> <span class='ocrx_word' id='word_1_286' title='bbox 542 3211 569 3266; x_wconf 93' lang='lat' dir='ltr'><strong>b.</strong></span> <span class='ocrx_word' id='word_1_287' title='bbox 606 3209 659 3265; x_wconf 90' lang='lat' dir='ltr'><strong>His</strong></span> <span class='ocrx_word' id='word_1_288' title='bbox 685 3211 759 3266; x_wconf 88' lang='lat' dir='ltr'><strong>enim</strong></span> <span class='ocrx_word' id='word_1_289' title='bbox 784 3213 939 3268; x_wconf 83' lang='lat' dir='ltr'><strong>destinatus</strong></span> <span class='ocrx_word' id='word_1_290' title='bbox 959 3223 1002 3264; x_wconf 76' lang='lat' dir='ltr'><strong>non</strong></span> 
     </span>
     <span class='ocr_line' id='line_1_38' title="bbox 108 3227 615 3351; baseline 0.002 -16"><span class='ocrx_word' id='word_1_291' title='bbox 108 3286 158 3349; x_wconf 87' lang='lat' dir='ltr'><strong>eat,</strong></span> <span class='ocrx_word' id='word_1_292' title='bbox 178 3279 226 3334; x_wconf 87' lang='lat' dir='ltr'><strong>scd</strong></span> <span class='ocrx_word' id='word_1_293' title='bbox 244 3277 308 3342; x_wconf 86' lang='lat' dir='ltr'><strong>illis,</strong></span> <span class='ocrx_word' id='word_1_294' title='bbox 324 3278 372 3349; x_wconf 87' lang='lat' dir='ltr'><strong>qui</strong></span> <span class='ocrx_word' id='word_1_295' title='bbox 390 3227 472 3334; x_wconf 68' lang='lat' dir='ltr'><strong>afara</strong></span> <span class='ocrx_word' id='word_1_296' title='bbox 490 3288 615 3351; x_wconf 85' lang='lat' dir='ltr'><strong>possunt</strong></span> 
     </span>
    </p>
   </div>
   <div class='ocr_carea' id='block_1_7' title="bbox 0 0 1130 3772">
    <p class='ocr_par' dir='ltr' id='par_1_8' title="bbox 0 0 1130 3772">
     <span class='ocr_line' id='line_1_39' title="bbox 0 0 1130 3772; baseline 0 0"><span class='ocrx_word' id='word_1_297' title='bbox 0 0 1130 3772; x_wconf 95' lang='lat' dir='ltr'><strong> </strong></span> 
     </span>
    </p>
   </div>
  </div>
 </body>
</html>
