2250 3772
115 261 182 329 242
254 258 361 348 Caput
382 262 425 330 Π.
470 262 524 326 De
546 262 695 348 symbolo
717 260 902 351 apostolico.

201 431 232 501 6,
253 430 411 497 Ascendit
430 430 472 495 ad
492 433 610 511 eoelos,
632 432 722 497 sedet
742 432 785 498 ad
805 432 1003 499 dextmmDe

116 519 215 603 patris
238 517 474 604 omnipotentis.

201 604 231 668 7.
244 602 325 667 Inde
336 614 488 667 venturus
504 612 562 680 est,
576 603 718 686 judicare
734 603 824 669 vivos
836 615 868 670 et
877 615 1003 669 mortuos

199 723 230 787 3.
277 720 364 799 Quae
386 723 558 786 ostiorum
579 725 741 787 verborum
761 724 931 791 renuntia?

203 821 327 900 Credo,
353 823 440 905 quod
462 823 560 889 Jesus
591 820 737 887 Christus
766 847 861 889 verus
886 825 1002 891 Deus·

113 907 212 972 Putre
233 918 306 971 ente
328 908 436 972 secula
457 908 601 993 genitus,
628 908 776 991 idemque
805 932 899 975 verus
918 910 1000 981 homo,

114 1005 207 1057 natus
231 1015 271 1056 ex
292 993 399 1057 Maria
420 992 561 1077 virgine,
589 992 630 1056 sit
652 1016 741 1056 meus
763 994 936 1072 Dominus,
957 988 998 1077 qni

113 1101 165 1142 me
185 1077 346 1163 perditum
368 1089 399 1141 et
428 1078 613 1141 damnatum
640 1078 804 1143 hominem
825 1080 998 1163 redemite

113 1162 155 1227 ab
178 1162 325 1227 omnibus
347 1163 504 1247 peccatis,
533 1185 552 1226 a
573 1173 675 1227 morte
698 1175 729 1227 et
750 1174 907 1250 potestate
927 1163 996 1230 sate

113 1271 173 1313 nae
194 1246 360 1323 liberavit3
393 1268 458 1310 non
481 1247 611 1331 quidem
637 1270 715 1312 auro
737 1262 769 1313 et
790 1263 936 1336 argento,
956 1240 997 1311 sed

112 1356 170 1398 suo
193 1346 302 1397 saneto
324 1354 361 1397 ae
382 1333 522 1418 pretiosa
544 1333 709 1419 sanguine,
731 1356 854 1418 suaque
868 1330 997 1399 imment

111 1419 260 1504 passione
282 1429 314 1482 et
334 1430 445 1482 morte.
483 1418 532 1484 Ut
549 1440 610 1503 ego
629 1440 730 1482 essem
751 1418 852 1504 ipsius
865 1443 922 1507 pro
941 1418 997 1487 rius

112 1515 144 1568 et
166 1502 199 1566 in
222 1503 323 1588 ipsius
349 1525 449 1602 regno
471 1503 531 1566 sub
559 1502 630 1589 ipso
662 1503 820 1582 viverem,
851 1506 929 1570 seh

111 1589 184 1653 liter
204 1588 371 1665 servirem,
393 1611 427 1651 m
446 1598 601 1673 perpetua
619 1588 744 1671 justitia
766 1599 798 1655 et
821 1586 996 1665 innoeends5

109 1674 243 1774 perinde
269 1696 307 1737 ae
328 1673 397 1758 ipse
418 1696 438 1736 a
459 1684 561 1736 morte
583 1673 735 1750 surrexit,
756 1674 835 1738 vivit
857 1687 889 1739 et
909 1675 997 1759 regnfll

107 1783 144 1824 1n
164 1773 337 1823 aeternum.
379 1760 452 1821 Hoc
470 1758 645 1822 certissime
665 1781 775 1823 verum
797 1768 854 1827 est.

108 1879 139 1945 4.
186 1876 267 1956 Quot
291 1879 429 1942 membra
452 1880 582 1940 eontinet
610 1879 658 1940 hie
689 1878 838 1940 articulus
872 1876 995 1959 ejusdem¹

431 1983 487 2045 que
512 1961 701 2046 replicatio?

193 2062 270 2126 Duo
304 2062 513 2146 potissimum.
574 2064 601 2125 1.
629 2061 681 2125 De
720 2082 859 2147 persona
887 2046 995 2124 Domini

106 2147 206 2211 nostri
227 2147 310 2213 Jesu
333 2145 461 2210 Christi.
503 2147 534 2210 2.
554 2146 606 2210 De
628 2145 733 2209 officio
757 2144 886 2211 Christi.

264 2261 290 2327 Ι.
334 2263 398 2326 ΒΕ
425 2262 644 2330 PERSONA
670 2262 866 2329 CHRISTI.

131 2383 158 2448 1.
208 2380 342 2461 Quinam
363 2384 609 2528 artimliglqu'm·
618 2386 779 2514 {speciatim
807 2387 843 2449 de
859 2398 979 2468 persona

539 2480 624 2530 resti.

191 2567 267 2629 Duo
284 2569 432 2650 priores:
472 2567 501 2632 2.
524 2578 555 2630 et
582 2567 616 2630 in
637 2567 753 2633 Jesum
775 2565 935 2632 Christum
951 2557 991 2655 Fi:

106 2651 185 2715 lium
207 2651 275 2734 ejus
294 2651 504 2735 unigenitum,
526 2651 702 2716 Dominum
722 2664 874 2721 nostrum.
903 2654 929 2718 3.
942 2644 990 2743 Qm

105 2750 278 2836 epneeptus
301 2748 347 2801 est
370 2738 410 2801 de
431 2736 556 2822 Spiritu
579 2749 705 2814 sancto,
732 2749 826 2802 natus
849 2761 889 2803 ex
909 2736 991 2801 Mu·

104 2844 238 2907 vmgme.

241 2940 271 3008 2.
318 2938 393 3017 Quis
415 2942 510 3024 ipitur
530 2952 575 3004 est
594 2943 688 3004 Jesus
711 2940 879 3005 Christus?

189 3041 287 3107 Jesus
310 3039 456 3105 Christus
477 3050 525 3104 est
546 3042 685 3105 secunda
707 3063 845 3126 persona
869 3034 990 3131 divinit?

104 3123 155 3201 tis,
174 3148 268 3189 verus
289 3147 404 3211 nempe
427 3125 530 3202 Deus,
552 3126 592 3189 ab
615 3139 743 3190 aeterno
766 3150 785 3189 a
806 3125 903 3192 Patre

941 3138 990 3185 elil·

103 3220 174 3285 tus,
198 3210 338 3293 itemque
368 3232 461 3273 verus
486 3210 581 3274 homo
612 3210 646 3274 in
672 3222 814 3295 tempore
840 3235 879 3276 ex
904 3146 989 3275 hist&

102 3294 227 3381 virgine
249 3307 352 3371 nutus,
373 3294 486 3359 unicus
505 3295 635 3360 humani
655 3295 781 3380 generis
803 3297 974 3381 redemptor·
