2250 3772
105 241 168 311 180
345 242 452 328 Caput
473 242 499 307 I.
543 242 596 307 De
618 238 784 329 decalcgo.

102 415 420 481 releuau11,quatenus
446 410 500 465 'am
525 410 651 467 effectae.
687 411 864 483 Differentiae
884 430 916 483 ap

103 483 223 537 sumitur
244 487 264 535 1.
282 498 299 534 a
317 495 434 534 causae
467 478 557 533 ciente
580 477 737 550 principali.
768 484 791 534 2.
808 479 836 534 A
852 492 916 536 cana

102 552 152 623 pin
172 566 208 632 na
226 555 254 604 et
271 549 405 630 subjecto.
440 553 464 603 3.
483 548 508 601 A
526 564 611 603 causa
628 548 746 603 formali.
777 555 802 605 4.
820 548 869 631 rib
884 549 916 604 ad

101 616 916 767 ulstlntetiettttt„tatemere

102 758 286 829 inquantum
305 771 435 809 mnnrum
454 758 482 808 et
500 770 584 825 opera
602 759 631 810 et
648 760 726 810 reeta
744 760 824 826 suut,
841 756 916 811 se'dt

102 826 164 899 pice
182 833 210 878 et
227 823 395 892 ecenqelice,
412 822 442 876 in
459 828 594 894 quantum
611 823 740 877 nimirum
759 840 844 897 opera
855 822 916 880 Dec

103 900 134 950 et
153 899 271 963 accepta
289 898 361 945 sunt,
396 890 487 962 Igitur
505 890 528 945 1.
548 908 633 947 causa
649 890 773 948 efficiens
789 892 916 967 principa

101 980 202 1018 norum
225 977 339 1031 operum
362 967 404 1014 est
422 959 541 1030 Spiritus
563 967 688 1025 sanetus,
711 966 833 1016 mentem
850 962 916 1019 verb

101 1032 211 1087 minans
231 1030 439 1085 etvoluntatem
450 1028 631 1099 spiritualiter
639 1046 783 1100 renovem,
795 1032 907 1087 Paulam

100 1101 140 1157 11.
157 1098 290 1154 Efficiens
308 1099 465 1169 propinqua
482 1098 604 1180 itemque
623 1097 781 1168 subjectum
792 1098 916 1155 bonorun

101 1187 163 1225 rum
183 1174 248 1223 sunt
265 1167 361 1228 renati,
380 1165 477 1221 fideles
493 1166 623 1220 nimirum
642 1184 693 1237 per
706 1166 841 1238 Spiritum
852 1187 874 1223 s.
888 1186 916 1225 rs

101 1236 136 1292 In
154 1237 197 1292 his
216 1236 289 1291 enim
311 1234 376 1290 selis
390 1234 509 1316 Spiritus
521 1242 634 1291 sanctus
648 1234 765 1304 habitat,
783 1243 812 1291 et
829 1237 881 1293 hos
894 1254 916 1292 aa

102 1306 274 1379 operandum
287 1304 394 1364 incitat,
413 1319 469 1356 nno
481 1321 532 1373 per
542 1304 593 1358 hos
604 1304 665 1375 ipse
678 1322 694 1359 ο
715 1310 817 1360 eratur.
846 1304 916 1371 111„

102 1381 146 1433 est
162 1374 241 1442 fides,
260 1391 294 1429 ex
312 1390 369 1444 qua
398 1372 528 1428 recedere
541 1373 652 1429 debent
711 1390 760 1428 aec
772 1372 844 1429 enim
858 1374 916 1430 sela

100 1443 163 1499 Deo
180 1442 354 1514 placentiae
387 1442 439 1510 cit3
457 1441 516 1496 sine
534 1440 590 1497 fide
607 1442 681 1495 enim
697 1441 869 1513 impossibile
883 1434 916 1498 D

101 1530 175 1576 cere,
193 1512 280 1566 Hebr.
293 1516 331 1579 ll,
342 1514 367 1565 6.
397 1516 430 1562 Et
445 1512 504 1563 aine
516 1513 580 1578 fide
597 1513 691 1579 etiam,
708 1528 779 1580 quac
797 1512 916 1566 vidente

100 1578 916 1706 &tutellitt't‘llliltttltttiuttltl

99 1691 237 1776 bonerum
254 1690 368 1788 operum
386 1716 423 1772 sit
438 1665 709 1787 ipsagconvenieutia
726 1722 754 1772 et
768 1690 916 1793 eivoptab

100 1805 166 1843 cum
182 1788 209 1842 lc
230 1803 253 1842 e.
290 1785 340 1842 IV.
362 1785 487 1850 Qualitas
505 1786 662 1841 declaratur
682 1785 806 1857 objecto,
833 1786 910 1858 quod

100 1858 192 1925 ciunt,
209 1806 249 1910 511
268 1855 329 1923 liei,
352 1860 475 1926 'querum
495 1860 537 1908 est
560 1861 580 1909 1.
600 1853 763 1909 mandatum
780 1855 844 1912 Dei.
884 1854 916 1922 Q1

101 1926 184 1997 spicit
194 1875 310 1980 verbum
320 1924 452 1978 mandati.
471 1922 529 1980 Ubi
540 1923 593 1978 hoc
602 1924 756 1978 notandum
769 1925 899 1980 axioma:

99 2012 280 2064 quaecunque
307 1994 410 2061 absque
436 1994 571 2045 mandato
598 2001 625 2045 at
648 1993 731 2045 uerbo
752 1994 879 2048 Dei-ecl
907 2013 916 2047 a

99 2065 185 2117 etiam
213 2065 285 2116 bona
310 2063 474 2122 intentione,
498 2061 702 2129 macipiautur,
726 2062 771 2115 ael
795 2062 832 2114 ab
850 2063 916 2116 bom*

99 2133 151 2184 aab
169 2133 299 2200 opinione
318 2132 422 2197 catara,
440 2130 690 2197 praescribuntur,
718 2138 745 2182 at
763 2133 843 2184 nuda
858 2139 916 2185 trac

98 2201 242 2263 nituntur,
268 2201 341 2253 bone
361 2216 418 2251 noa
439 2206 510 2254 sunt.
545 2201 656 2252 Errant
679 2197 688 2252 i
711 2198 766 2253 'tur
784 2200 916 2268 pontifici

100 2268 191 2322 varios
209 2284 272 2321 suos
292 2267 383 2321 cultus
400 2267 543 2335 cleotinus,
561 2267 677 2321 consilia
714 2284 729 2322 e
744 2268 891 2334 coelibatu,
913 2292 916 2319 t

123 2335 227 2396 initate
240 2352 290 2404 pro
323 2335 510 2389 erfectissimis
525 2335 654 2405 operibus
665 2335 745 2390 bonis
757 2336 912 2392 venditant

131 2405 242 2458 ellnrm.
261 2405 279 2459 l.
299 2353 334 2458 be
351 2404 474 2458 monach.
494 2421 518 2460 c.
539 2410 552 2458 7
569 2411 666 2485 etseq.
686 2410 743 2461 tr.
759 2405 809 2459 col.
820 2405 916 2462 366.0.

98 2489 155 2597 ¹pse
172 2488 264 2526 meras
283 2478 312 2526 et
329 2472 442 2525 humani
461 2471 566 2527 cerebri
586 2472 770 2553 quisquiliae!
798 2473 894 2544 Opera
900 2492 916 2558 p

100 2557 174 2665 ,tt
187 2541 426 2680 ''litttssltt
443 2541 916 2732 ptutctftltl¹trtl⁰⁰fltt⁹ttl

100 2684 177 2743 sunt,
195 2679 339 2742 nimirum,
365 2696 427 2733 cum
465 2685 548 2732 unte
570 2678 661 2733 inione
688 2677 781 2732 cultus
804 2680 856 2734 De'i
882 2696 916 2737 au

100 2746 233 2802 scandalo
271 2747 375 2802 roximi.
413 2748 474 2801 Nec
495 2754 517 2802 1,
536 2697 639 2811 obstat,
664 2746 739 2818 qued
756 2762 916 2820 nonnunqan

99 2816 154 2871 iam
174 2766 326 2886 adiapbora
343 2832 400 2870 non
417 2824 566 2937 praecepta
585 2816 647 2872 Deo
664 2816 790 2884 placent3
808 2817 916 2886 placent

98 2898 155 2945 non
173 2902 223 2967 per
242 2902 285 2953 se,
310 2884 360 2939 sed
383 2901 433 2954 per
457 2884 516 2940 acci
537 2902 600 2950 ens,
625 2890 763 2955 quatenus
780 2885 810 2938 in
826 2902 916 2958 gener.

55 2970 58 2975 ·
98 2954 200 3015 etiams
218 2954 402 3021 continentur,
421 2953 601 3019 etiamsinon
619 2952 674 3007 ins
695 2952 754 3008 ecie
764 2970 832 3023 prae
885 2960 916 3011 ta

99 3028 124 3079 2.
142 3024 233 3077 obrem
251 3027 275 3080 1.
296 3023 359 3077 Cor.
381 3024 404 3088 7,
423 3026 468 3077 26.
505 3020 643 3079 Bellerm.
684 3022 842 3083 emonach.
901 3030 916 3081 2

97 3096 118 3144 t.
137 3091 230 3145 teci.
249 3096 307 3146 376.
317 3091 350 3145 Β.
375 3091 427 3144 Est
444 3090 517 3145 enim
535 3091 666 3145 elenchus
684 3089 814 3160 subjecti.
850 3080 899 3148 De

98 3158 177 3226 liam,
198 3176 297 3230 nempe
314 3159 350 3215 de
367 3159 562 3214 commoditate
582 3167 610 3214 et
628 3158 750 3214 utilitate
768 3158 916 3221 secundum

98 3226 197 3291 vitam,
217 3245 274 3283 non
296 3229 331 3282 de
354 3227 458 3282 meritis
476 3232 606 3283 aeternae
623 3228 705 3284 vitae.
741 3227 829 3284 Porro
848 3236 872 3285 2.
891 3226 916 3285 'al

98 3294 242 3366 qualitatis
258 3296 413 3366 objectum,
440 3297 593 3351 secundum
606 3297 680 3367 quod
695 3312 779 3365 opera
800 3296 916 3370 exigenti
