2250 3772
476 235 652 321 Scriptura.
680 290 683 295 «
981 234 1016 297 11

139 419 194 471 nus,
216 421 274 459 cum
294 403 440 474 Scriptura
462 404 499 457 sit
524 402 688 464 αὐτόπισιος
707 419 870 475 omnemque
887 401 1019 459 autorita-

138 476 178 525 tcn
192 479 215 529 ct
230 472 312 527 fidem
331 490 365 528 ex
383 472 538 528 schabest.
574 473 650 527 Illud
669 477 712 526 est
727 472 914 527 testimonium
932 476 1019 527 exter·

136 557 196 610 nun,
219 542 291 612 quod
317 541 429 612 quidem
455 548 546 611 potest
570 543 672 597 ducere
690 546 718 595 et
735 557 859 609 movere3
881 540 934 595 hoc
951 557 1017 595 vero

135 606 261 678 intumum,
286 611 362 682 quod
386 610 474 665 nolum
498 610 637 681 potentin
655 609 824 666 conscientia
843 608 1017 679 persuadere.

135 678 179 731 aa
194 680 279 733 obstat
300 688 322 735 l.
346 679 421 750 quod
438 679 498 733 sine
519 679 652 735 ecclcsiae
670 678 819 733 autoritate
837 684 929 733 certus
947 676 1018 733 Scri·

134 751 210 814 pturae
232 765 322 802 canon
349 764 405 802 non
428 755 522 818 potest
541 748 646 804 haberi.
684 748 790 802 Pistor.
809 746 835 798 d.
856 745 873 800 l.
896 746 1017 817 Disting.

136 814 189 868 enin
206 821 227 871 1.
242 816 316 871 inter
332 817 464 871 ecclesiae
484 816 679 885 testimonium,
699 822 727 871 et
745 815 841 881 interi
861 831 920 869 sam
931 816 1016 885 maje-

134 888 210 939 statem
224 886 395 941 canonicam.
430 884 557 939 Ecclesia
575 892 683 940 tantum
701 888 820 939 testatur
836 833 939 938 iibmm
957 900 1017 939 esse

135 954 285 1014 canonicum.
313 971 369 1008 non
391 961 484 1008 autem
505 953 588 1018 facit,
613 961 645 1008 ut
661 954 698 1008 sit
715 952 873 1009 canonicus.
915 959 938 1009 2.
957 954 1016 1007 Ma·

132 1018 165 1087 jor
178 1027 215 1077 est
231 1023 366 1077 autoritas
385 1022 543 1092 scripturae
566 1028 594 1077 et
612 1023 732 1093 Spiritus
751 1041 771 1077 s.
796 1021 876 1091 cujus
894 1023 1016 1077 testimo·

133 1087 166 1141 nio
180 1091 233 1144 solo
250 1092 353 1145 veritas
371 1090 399 1144 in
418 1097 510 1145 mente
527 1097 621 1146 nostra
638 1092 808 1162 obsignatur,
847 1107 883 1144 uo
901 1090 960 1147 sine
976 1097 1016 1145 tc·

134 1156 236 1214 stimonio
255 1160 311 1214 alia
328 1158 446 1227 infirma,
462 1160 578 1227 lubrica,
605 1160 772 1215 vacillantia
837 1177 867 1212 ec
884 1161 972 1213 obstat
990 1165 1014 1214 2.

134 1227 188 1293 quod
203 1229 315 1299 stylum,
334 1227 449 1299 phrasin
465 1236 493 1283 et
509 1229 600 1283 media
617 1229 680 1297 alia,
700 1228 801 1300 quibus
815 1227 957 1298 Scriptura
974 1229 1015 1282 di·

133 1296 207 1362 gnosci
221 1299 305 1366 solet,
327 1305 355 1352 et
372 1298 489 1352 ecclesia
505 1297 609 1367 optime
627 1298 719 1366 novit,
737 1302 772 1363 {et
789 1296 892 1366 optime
909 1297 944 1352 de
960 1298 1015 1352 illis

131 1369 201 1483 potest
214 1367 350 1436 judicare.
392 1366 503 1435 Stcplct
527 1367 554 1420 d.
571 1367 622 1423 loc.
657 1366 715 1423 Nos
733 1366 806 1420 enim
828 1372 850 1421 1.
869 1366 1015 1421 ecclesiam

150 1447 261 1488 onauam
280 1441 308 1489 et
324 1434 433 1505 Papam
463 1434 607 1488 ecclesiam
629 1451 724 1490 veram
750 1451 804 1488 non
829 1435 1013 1504 agnoscimus.

132 1502 149 1551 l.
162 1500 204 1556 ast
219 1503 350 1558 elenchus
369 1504 520 1557 secundum
542 1502 624 1575 quid,
648 1503 766 1559 ecclesia
789 1519 855 1557 vera
880 1508 1013 1574 tanquam

130 1571 944 1712 tltalitalihillllttlltttl’..altit
958 1590 1014 1713 ἓξὲξ

170 1684 174 1695 .
222 1683 226 1694 ·
474 1680 480 1703 r
761 1680 768 1708 5

129 1720 280 1777 cognoscere.
314 1717 338 1765 4.
356 1710 472 1764 Etiamsi
491 1710 526 1764 de
552 1709 600 1763 illo
617 1715 746 1777 testetur,
770 1727 826 1763 non
843 1711 902 1779 ejus
921 1716 1015 1765 tamen

128 1772 228 1846 dignitas
250 1778 341 1848 major
367 1785 410 1832 est
452 1795 517 1832 uam
536 1778 701 1847 Scripturae.
744 1776 820 1849 Cape
846 1777 1013 1849 exemplum:

126 1840 190 1899 Multi
205 1864 260 1901 non
278 1847 419 1902 novissent
434 1796 585 1911 ibristum,
604 1847 657 1900 nisi
668 1847 810 1902 «lohannes
827 1845 904 1899 illum
925 1847 1013 1915 digito

125 1919 291 1969 monstrasset.
338 1916 394 1970 Sed
413 1933 485 1970 anne
511 1916 573 1970 ideo
592 1917 692 1970 certior
717 1916 848 1969 autoritas
869 1914 1013 1985 Jchannis‚

125 1996 192 2050 quam
209 1984 332 2039 Christi?
354 1985 437 2042 absit.
472 1984 536 2038 Huc
560 1985 672 2055 applica
689 1985 844 2064 exemplum
866 1982 1013 2039 Samarita-

122 2065 203 2105 norum
226 2054 294 2109 Jol.
314 2058 344 2120 4,
366 2058 407 2106 41.
426 2056 470 2108 42.
508 2060 531 2109 5.
554 2053 653 2107 Tradit
676 2053 793 2107 ccclesia
816 2052 942 2125 regulam
963 2070 1013 2108 seu

121 2134 240 2176 canonem
258 2120 323 2175 fidei
348 2138 405 2175 non
424 2129 455 2176 ut
474 2122 534 2192 ejus
549 2130 653 2183 auctor,
673 2123 722 2177 sed
739 2129 770 2175 ut
780 2122 867 2186 testis,
884 2122 1013 2177 monitrix

119 2190 284 2244 etministra.
319 2162 436 2245 «iudicat
461 2192 535 2245 enim
559 2191 659 2246 edocta
676 2208 693 2244 a
711 2189 815 2260 Spiritu
833 2197 936 2247 sancto.
974 2191 1014 2245 At

118 2274 178 2327 quae
194 2259 415 2330 consequentia?
454 2259 573 2313 Possum
594 2277 644 2329 per
663 2259 796 2314 ecclesiae
813 2276 909 2315 vocem
928 2267 956 2314 et
972 2266 1013 2317 te·

115 2326 262 2382 stimonium
292 2327 329 2380 ad
355 2326 420 2382 fidei
446 2344 580 2382 canonem
604 2328 729 2409 perduci.
752 2328 784 2381 E.
810 2328 917 2383 nullum
945 2328 1013 2383 mihi

115 2397 206 2450 certius
225 2395 379 2466 judicium,
405 2413 489 2466 quam
513 2397 665 2452 ecclesiae?
702 2399 763 2451 Nec
787 2399 877 2451 obstat
895 2403 918 2452 3.
938 2398 1013 2469 quod

112 2464 230 2520 humanis
248 2482 305 2518 non
321 2470 414 2534 potest
430 2465 584 2519 rationibus
602 2466 728 2535 probari,
753 2465 855 2519 librum
876 2465 951 2520 hunc
968 2483 1013 2520 ca·

111 2535 234 2589 conicum
260 2549 336 2602 esse,
369 2534 447 2587 illum
474 2535 672 2605 apocryphum.
731 2534 888 2603 Staplctoa.
918 2542 1013 2589 contra

111 2602 207 2672 disput.
235 2603 271 2656 de
295 2618 317 2653 s.
340 2601 439 2672 Script.
459 2603 624 2658 Wittaclrer.
649 2602 698 2657 lib.
721 2610 742 2658 l.
772 2620 795 2657 c.
818 2609 856 2659 13.
882 2609 949 2658 sect.
972 2610 1011 2660 11.

109 2688 169 2743 pag.
188 2677 249 2727 288.
285 2669 363 2724 Mala
383 2672 456 2725 enim
483 2671 681 2742 consequentia
704 2671 770 2727 inde
796 2672 949 2742 colligitur:
979 2672 1012 2727 E.

108 2756 154 2809 per
179 2738 327 2795 aeclesiam
370 2739 463 2794 robari
488 2745 589 2810 potest.
623 2740 683 2797 Nec
708 2740 835 2794 humanis
858 2740 1012 2795 rationibus

107 2809 216 2878 probari
236 2757 482 2878 potescghristum
497 2815 593 2863 natum
608 2826 641 2863 ex
653 2808 769 2879 virgine,
787 2825 805 2862 a
821 2809 936 2863 mortuis
953 2825 1012 2863 sur·

108 2878 205 2934 rexisse
221 2882 273 2931 etc.
292 2876 325 2929 E.
345 2893 396 2946 per
413 2877 579 2932 ecclesiam?
607 2877 766 2932 Absonuml
800 2878 861 2933 Nec
879 2878 970 2930 obstat
987 2884 1010 2932 4.

108 2947 179 3069 (prod
204 2945 322 3001 ecclesia
349 2945 386 2999 sit
408 2946 530 3001 medium
552 2946 682 3000 credendi
706 2945 804 3002 omnia.
856 2945 1011 3013 Staplctoa.

107 3014 116 3067 i
134 3016 170 3071 id.
189 3015 210 3071 l.
231 3021 253 3071 1.
272 3030 305 3067 ca
327 3058 332 3068 .
354 3019 394 3069 14.
412 3019 478 3069 sect.
499 3021 523 3070 7.
542 3032 571 3084 p.
591 3020 648 3069 245.
685 3015 791 3069 Eadem
808 3030 928 3082 namque
948 3030 1011 3068 con·

106 3082 248 3155 sequentia
266 3083 294 3137 in
309 3088 393 3139 artur.
411 3083 443 3136 E.
457 3090 485 3137 et
500 3083 622 3137 medium
642 3083 694 3138 erit
711 3081 863 3138 solitarium
882 3082 1013 3137 credendi

105 3150 260 3222 Scripturas
279 3151 433 3205 canonicas.
463 3157 488 3207 2.
507 3152 559 3205 Est
570 3152 700 3219 medium,
717 3151 767 3206 sed
781 3156 923 3206 externum
942 3152 1012 3205 dun·

104 3226 178 3277 taxat
203 3228 231 3276 et
248 3218 442 3288 ministeriale,
468 3237 523 3275 non
547 3221 746 3291 magisteriam,
774 3235 829 3273 non
851 3220 1013 3302 principale.

103 3288 258 3361 Principale
275 3288 398 3343 madium
417 3293 459 3344 est
476 3288 569 3359 ipsum
586 3289 700 3344 verbum
719 3288 787 3350 Dei,
807 3304 891 3343 causa
908 3288 1011 3360 princi·
1037 3332 1110 3548 t
