2250 3772
102 252 167 317 562
272 248 380 337 Caput
400 253 442 319 V.
484 250 539 315 Dc
556 270 657 313 coena
677 248 851 315 dominica

103 419 191 485 mina
210 419 325 483 bibitio
348 418 414 483 vini
435 428 467 483 et
488 417 672 518 sanguinis,
701 440 807 503 eaque
828 441 930 503 neque
946 416 999 482 sola

103 505 265 580 naturalis,
279 525 384 587 neque
399 503 469 567 sola
484 503 669 590 spiritualis,
693 504 753 567 sed
772 502 1000 569 sacramentalis.

176 620 321 692 (Alioquin
340 619 379 674 sic
401 620 511 701 proprie
530 620 749 675 manducaretur
767 621 852 692 panis
871 628 900 677 ct
916 620 1003 677 bibert-

104 698 151 746 tur
167 691 272 758 vinum,
292 696 320 745 et
336 695 442 759 tropice
461 691 677 743 manducaretur
696 706 801 761 corpus
814 690 920 746 Christi
936 694 961 745 at
972 688 1003 744 bi·

105 761 218 816 beretur
243 758 357 829 sanguis
379 759 449 827 ejus.
485 758 526 810 At
541 758 696 811 reclamant
722 765 744 814 1.
766 759 856 814 verba
875 758 1004 814 institutio-

105 830 157 884 nis.
198 834 221 882 2.
247 827 415 896 sequeretur
441 844 528 880 unum
548 826 717 881 vocabulum
744 827 775 882 in
795 846 855 883 uno
873 829 1006 898 eademqne

105 897 242 951 axiomata
261 895 380 964 simplici
397 901 531 950 sustinere
544 895 686 964 duplicem
697 895 720 949 si
765 897 771 908 '
795 897 1004 966 cntionem-pra

106 965 195 1036 priam
223 970 251 1018 et
278 964 421 1032 tropicam.
462 963 622 1018 Absonuml
657 969 681 1017 3.
737 965 812 1019 ualis
839 966 909 1022 unio
932 980 1005 1019 rarum

105 1032 356 1100 sacramentalium,
373 1033 439 1087 talis
458 1038 500 1088 est
520 1032 686 1104 significatio
705 1038 772 1100 etc.)

144 1153 196 1221 40.
238 1152 339 1233 Quam
359 1175 448 1217 vocas
469 1155 737 1218 manducationem
760 1167 789 1220 et
811 1157 979 1219 bibitionem
1040 1224 1046 1235 ¹

462 1238 661 1302 naturalem?

194 1352 269 1434 Qua
288 1354 416 1440 proprie
446 1366 478 1419 et
521 1377 556 1418 er
579 1378 613 1419 se
635 1355 723 1420 solus
745 1356 842 1454 panis
866 1357 933 1421 sine
952 1376 1005 1419 cor·

105 1460 184 1524 pore
205 1438 391 1517 comeditur,
413 1448 445 1502 et
467 1379 571 1504 scium
590 1440 700 1505 vinum
722 1441 857 1509 bibitur.

177 1556 356 1626 (Hujusmodi
366 1557 609 1611 manducationem
620 1557 778 1612 naturalem
787 1558 913 1629 corporis
921 1550 1002 1612 Christi

106 1624 278 1696 effingebant
295 1626 486 1696 Capcmaitae,
505 1627 572 1682 Job.
593 1626 637 1695 6.)

142 1746 193 1809 41.
235 1745 335 1824 Quam
357 1770 447 1810 vocas
468 1749 737 1810 manducationem
761 1760 789 1810 et
812 1749 976 1812 bibitionem

454 1830 672 1917 spiritualem?

193 1947 268 2029 Qua
303 1949 406 2012 solum
439 1970 554 2048 corpus
582 1961 612 2014 et
641 1949 775 2034 sanguis
803 1947 923 2015 Christi
948 1946 1001 2046 sine

107 2057 191 2119 pane
224 2057 297 2098 cum
326 2034 472 2098 omnibus
495 2056 564 2117 ejus
587 2034 751 2099 beneficiis
774 2057 834 2121 per
855 2057 890 2099 se
911 2045 940 2098 et
957 2053 1001 2095 un·

107 2119 245 2183 mediate
266 2119 329 2182 fide
351 2119 577 2205 percipiuntur.

136 2304 142 2317 .
166 2237 371 2356 (immediate,
389 2235 446 2291 scil.
467 2235 573 2305 absque
589 2234 792 2315 interveniente
812 2252 887 2317 pane
904 2242 931 2290 et
943 2232 1000 2317 ¹rino.
1044 2252 1047 2279 ι

107 2304 186 2440 tta,
203 2322 210 2356 ¹
229 2305 454 2444 martra
472 2303 1002 2443 tricameratam

14 2504 17 2509 ⁴
108 2442 194 2498 habet
211 2442 298 2495 vitam
316 2446 456 2495 aeternam
475 2444 539 2509 etc.)

144 2564 196 2630 42.
235 2562 338 2639 Quane
359 2585 451 2625 cocos
474 2563 739 2625 manducationem
762 2574 791 2624 et
814 2564 976 2627 bibitionem

425 2644 704 2709 sacramentalem?

194 2763 281 2845 Quia
303 2764 336 2826 in
358 2764 452 2828 unico
473 2775 504 2828 et
519 2763 679 2827 indivulso
696 2776 908 2844 sacramento,
928 2763 1003 2829 viiu-

110 2850 284 2914 stitutionis
310 2848 448 2927 Christi,
474 2850 566 2933 panis
590 2859 622 2913 et
642 2870 759 2933 corpus
784 2847 908 2914 Christi
927 2843 1002 2914 simul

110 2957 165 3000 ore
187 2935 428 3019 manducantur,
451 2945 483 2998 et
503 2934 613 2997 vinum
633 2955 671 2997 ac
693 2934 827 3019 sanguis
843 2933 961 3000 Christi
972 2930 1004 2995 si·

108 3021 175 3083 mul
204 3042 259 3084 ore
288 3019 440 3082 bibuntur
469 3019 618 3103 mystice,
644 3040 703 3104 per
724 3028 756 3081 et
777 3030 912 3105 propter
931 3017 1004 3084 unio·

106 3127 180 3168 nem
203 3104 473 3168 sacramentalem.

178 3223 322 3290 (Versatur
345 3221 431 3293 igitur
454 3221 542 3291 primo
563 3220 637 3274 circa
653 3236 769 3302 panem,
793 3222 843 3293 qui
860 3219 1005 3276 naturaliter

106 3297 150 3346 est
176 3291 315 3360 objectum
344 3290 485 3361 proprium
508 3290 744 3359 manducatroms,
771 3296 801 3344 ct
825 3293 901 3347 circa
919 3291 1004 3347 riuum,
