2250 3772
355 227 501 293 Tertium
521 236 735 312 praeceptum.
962 227 1005 293 87

81 391 149 458 67.
178 395 236 475 Qui
252 399 299 475 fit,
321 401 405 480 quod
425 420 479 461 aec
499 397 589 479 tipus
603 399 766 483 praecepti
781 399 876 461 cerba
899 400 1005 461 omnia
1077 404 1102 423 “·

66 477 183 558 'iu-etc
195 481 338 566 syllabas,
355 505 432 566 qaae
441 483 547 548 Ecod.
558 481 612 557 20,
622 481 652 547 8.
665 483 865 566 contineatur,
877 482 1005 548 recites?

179 588 264 670 Quia
291 589 445 675 pleraque
473 601 547 654 sunt
575 589 799 654 ceremonialia
826 601 858 655 et
886 591 1003 677 typica,

78 688 178 752 quae
204 674 392 759 christianos
418 675 453 740 in
473 674 515 742 N.
538 674 576 739 T.
604 697 671 738 non
696 675 915 761 obstringimt,
945 677 1003 740 sed

81 755 179 823 solos
196 760 341 826 Judaeos
363 769 566 825 concernunt.

165 874 248 947 (ibgo
266 882 295 931 et
312 876 344 930 in
361 876 414 932 hoc
431 881 593 947 praecepto,
619 876 695 948 quod
715 893 800 947 supra
821 875 850 930 in
868 879 1004 948 generali·

84 936 147 994 bus
169 943 245 999 decal
308 946 412 1018 regulis
432 944 596 1014 monuimus,
615 945 719 1000 morale
736 962 754 999 a
771 948 946 1002 ceremoniali
958 965 1003 1004 ac·

80 1017 189 1066 eunte
200 960 452 1085 ‘dbihiguendumt

330 1153 381 1218 68.
416 1150 576 1229 Quaenam
597 1149 769 1213 antitiste?

169 1250 241 1317 'Res
265 1252 367 1317 iniunt
385 1250 589 1338 potissimum
610 1249 671 1314 tria
689 1251 849 1315 membra:

181 1337 222 1400 1.Ι
260 1337 268 1353 “
305 1336 511 1401 umstantiam
530 1334 597 1399 diei
618 1334 753 1420 septimi.

173 1422 216 1486 2.
229 1421 509 1501 Circumstantiam
529 1421 569 1484 de
590 1442 656 1484 non
675 1419 823 1484 faciendo
844 1442 949 1506 opere.

177 1507 205 1571 3.
228 1504 509 1573 circumstantiam
528 1505 570 1568 de
584 1505 832 1569 sanctificatione
847 1504 1004 1572 sabbathi.

83 1630 146 1702 69.
169 1634 238 1709 Cur
251 1645 484 1709 circumstantia
505 1643 627 1725 septimi
647 1642 709 1704 diei
728 1654 773 1707 eet
787 1644 1005 1720 ceremonialia,

376 1738 405 1792 et
424 1748 481 1791 noe
502 1747 565 1791 aon
586 1725 725 1810 obliqui?

179 1826 264 1908 Quia
287 1820 480 1892 sabbathum
500 1825 628 1926 septimi
649 1825 713 1891 diei
727 1826 761 1889 in
776 1827 817 1894 V.
831 1827 918 1894 Test.
937 1838 1006 1893 erat

86 1900 117 1967 l·
144 1912 271 1998 signum
299 1910 559 1977 sanctificatioms
588 1909 740 1976 ecclesiae
769 1933 827 1999 per
848 1911 1005 1978 Messinm

83 2006 274 2075 mnarum,
296 1998 401 2062 Ecca.
423 1997 475 2073 31,
500 1996 548 2062 13.
579 1996 691 2063 Erech.
713 1997 765 2072 20,
789 1997 838 2061 12.
860 1997 910 2062 20.

86 2144 89 2151 ,
170 2083 259 2147 'Erat
285 2081 315 2148 2.
341 2091 437 2167 typus
458 2079 607 2144 sabbathi
628 2080 801 2166 spiritualis
824 2092 855 2145 et
875 2081 1006 2169 aeterni,

80 2152 172 2233 Eia.
192 2168 244 2244 oe,
266 2167 321 2233 23.
352 2167 450 2230 Hiar.
471 2166 503 2242 4,
524 2166 554 2230 4.

90 2284 96 2293 .
176 2253 256 2316 Erat
266 2253 295 2316 3.
308 2250 517 2350 paedagogia,
530 2249 650 2337 populo
659 2250 837 2316 Israelitioo
848 2251 1004 2317 beneficia

78 2336 261 2402 erectionis
283 2336 316 2399 in
335 2357 521 2399 memoriam
541 2356 709 2414 revocans,
729 2339 835 2402 Ecocl.
857 2339 909 2414 20,
932 2338 962 2403 8.

178 2420 282 2507 Atqui
296 2420 399 2505 signa,
418 2420 498 2506 typi,
518 2422 652 2485 umbrae
667 2431 698 2485 et
712 2421 933 2507 paedagogiae
948 2421 1005 2485 ad·

79 2511 240 2571 venante
251 2503 380 2572 Christo
395 2515 568 2583 cessarunt,
592 2505 662 2572 Gal.
676 2506 708 2582 4,
722 2506 752 2572 5.
776 2506 892 2572 Colocs.
906 2508 938 2583 2,
954 2508 1005 2575 17.

79 2572 171 2653 Non
187 2613 204 2655 e
245 2613 266 2655 o
280 2612 339 2653 nos
353 2589 394 2653 ad
409 2589 601 2654 sabbathum
612 2612 646 2654 se
669 2590 739 2654 timi
753 2590 817 2655 diei
832 2590 1007 2676 obstringi·

80 2680 176 2751 mur,
227 2675 392 2751 al.4,10.
426 2673 542 2738 Colono.
565 2676 595 2751 2,
619 2615 669 2740 lii

121 2849 130 2863 ,
165 2791 257 2857 (Ratio
281 2789 400 2845 sumitur
426 2806 444 2843 a
467 2789 524 2846 fine
550 2807 601 2861 pro
629 2788 789 2845 diversitate
816 2790 1007 2860 subjectorum

86 2847 209 2929 biplici,
234 2859 361 2914 adhibita
383 2858 568 2914 illustratione
591 2866 742 2929 comparat.
769 2859 908 2916 similium.
948 2858 1005 2913 Eos

78 2927 230 2993 ·⁸¹quicem
248 2929 285 2985 ob
305 2927 375 2982 fines
393 2927 603 2983 circumstantia
619 2927 730 3010 septimi
754 2928 810 2983 diei
832 2928 1007 2983 observanda

92 2980 218 3054 hume.
252 2997 293 3052 At
311 3012 375 3051 cum
392 2995 462 3052 fines
480 2996 510 3051 hi
526 3013 577 3067 per
596 2995 737 3052 Christum
755 2997 870 3067 impleti,
888 3003 1005 3067 cessent,

96 3066 151 3114 Μ·
167 3066 246 3121 etiam
262 3081 320 3120 non
338 3063 472 3136 obligant.
505 3063 579 3119 Cous
614 3066 711 3120 uentia
725 3065 863 3136 procedit:
902 3066 1005 3120 uiuae-

126 3128 148 3207 J
162 3132 196 3188 ito
213 3133 269 3189 fine
289 3139 380 3188 cessat
396 3133 468 3188 ratio
485 3133 557 3215 finis.
580 3082 630 3187 eid
648 3135 725 3206 quod
743 3134 826 3188 simili
838 3082 1003 3190 deilaratur.

126 3206 177 3254 lent
193 3203 264 3258 enim
281 3201 382 3258 umbra
399 3209 541 3257 evanescit
558 3202 727 3257 adventante
745 3219 860 3273 corpore
879 3208 930 3260 etc.
956 3203 1005 3259 Aa

108 3274 238 3325 nummum
256 3270 338 3344 proin
355 3270 542 3342 septenarium
559 3288 611 3326 nos
627 3289 684 3326 non
699 3271 920 3343 obstringimur.)
987 3303 990 3308 ·
