2250 3772
107 252 170 317 134
344 250 450 339 Caput
472 253 498 318 Ι.
541 253 594 318 De
616 253 781 340 decalogo.

192 423 221 488 3.
268 425 420 487 Advocati
448 423 545 511 falsas
578 422 796 488 accusationes
833 421 998 510 suscipiunt

105 507 295 656 gffilrlamjus
325 507 517 585 defendunt,
542 518 575 572 ct
598 507 751 573 insidioso
778 509 882 573 bonas
905 519 998 574 cautu

176 690 261 772 (vida
277 693 332 746 aa.
350 693 397 755 23,
415 693 442 744 a.
454 694 486 772 .⁶·
506 692 578 773 Joa.
594 695 639 757 aa,
657 696 700 748 rc.
734 691 801 774 Huc
824 708 893 775 ergo
916 684 998 747 ardo

104 776 305 894 ffidlossmum
333 760 542 815 mandac1orum
569 779 599 815 1n
623 761 685 816 foro
708 765 923 832 practicantrum
946 752 998 815 adt

190 930 221 999 4.
270 935 369 996 Testes
391 941 446 996 aut
467 932 578 1018 ignota
597 931 772 1010 affirmant,
794 931 846 997 vol
868 930 998 997 falsata

106 1024 250 1092 utantur,
278 1027 333 1081 aut
354 1039 429 1080 vera
454 1017 646 1104 depravant,
668 1017 720 1082 vel
740 1015 907 1083 veritatem
927 1006 998 1081 mad

105 1098 187 1164 tiose
209 1101 377 1167 occultant.

177 1199 287 1265 (Testes
304 1205 401 1257 contra
411 1201 552 1257 Christum
589 1202 707 1264 roducti.
723 1202 828 1257 March.
841 1203 888 1272 26,
901 1204 945 1272 61,
954 1208 998 1255 οῦ

106 1273 152 1323 tra
167 1267 290 1339 Naboth,
309 1274 332 1324 1.
353 1273 424 1339 Req.
442 1274 542 1339 21,13,
568 1220 749 1341 dtcphanum
767 1271 829 1326 Act.
849 1272 938 1335 6,13.
957 1283 990 1323 0·

107 1341 150 1405 58,
167 1338 330 1407 Susannam,
348 1343 427 1393 Dcm.
447 1343 490 1409 13,
509 1341 574 1410 66.)

191 1442 221 1508 5.
242 1442 353 1508 Jadea
381 1442 498 1507 affectu
526 1453 693 1529 corruptus
727 1443 920 1507 sententiam
946 1456 998 1529 pe

106 1527 216 1604 vertit,
238 1526 355 1610 injuste
377 1528 512 1612 judicat,
533 1537 566 1591 et
586 1539 723 1604 temere,
750 1525 802 1592 vel
821 1549 894 1595 non
910 1520 998 1615 cxpl·

106 1620 175 1674 rata
196 1633 302 1689 causa,
323 1612 521 1698 pronunciat.

174 1712 283 1781 (Lavit.
293 1716 336 1779 19,
346 1717 390 1769 15.
408 1715 527 1768 Denter.
537 1715 583 1777 27,
593 1716 635 1769 19.
651 1713 736 1770 Prov.
746 1715 841 1782 17,15.
856 1714 910 1768 Es.
919 1715 945 1781 d,
954 1705 998 1766 22

142 1850 191 1917 70.
239 1849 400 1928 Quomodo
422 1853 620 1917 committitur
633 1850 756 1932 falsum
778 1853 997 1917 tc‘stimoaiam

422 1949 511 2003 carra
525 1934 704 2019 judicium?

193 2036 221 2099 1.
244 2037 359 2102 Am'mo
382 2049 411 2102 et
432 2039 531 2119 corde,
554 2035 680 2099 sinistre
695 2033 735 2099 de
750 2034 897 2120 proximo
916 2054 998 2126 susp

106 2120 208 2184 cando
232 2131 263 2184 et
279 2120 465 2204 judicando.
943 2152 946 2167 ·

175 2218 227 2282 (Ex
250 2220 332 2276 corde
357 2225 459 2276 exeunt
483 2220 555 2274 falsa
581 2217 751 2287 testimonia,
777 2221 882 2279 Maca.
903 2223 998 2295 15,1

106 2286 235 2342 Charitas
253 2305 309 2343 non
331 2294 374 2344 est
391 2289 528 2359 suspicax,
547 2292 572 2345 1.
593 2288 656 2343 cor.
675 2291 719 2352 13,
740 2288 784 2357 4.)

192 2391 222 2457 2.
247 2391 308 2456 Orc
330 2405 358 2457 et
379 2393 502 2478 linqua:
536 2395 563 2457 1.
585 2415 684 2478 prava
704 2391 861 2469 docendo,
885 2393 916 2461 2.
938 2395 998 2460 bo!

105 2475 191 2540 diota
215 2476 299 2541 male
327 2476 575 2563 interpretando,
612 2478 641 2542 3.
671 2487 759 2540 recta
784 2476 998 2545 caluminand

104 2562 135 2628 4.
163 2561 371 2640 criminando,
408 2563 438 2630 5.
468 2562 605 2627 aliorum
629 2560 751 2626 nomini
779 2560 831 2626 vel
856 2572 942 2631 tecta
969 2585 998 2631 v*

106 2656 215 2732 aperte
238 2646 445 2724 detrahendo,
466 2648 495 2710 6.
518 2658 550 2711 et
571 2646 684 2732 quovis
706 2645 802 2710 modo
824 2647 998 2716 mentiend·

176 2745 251 2813 (Huc
269 2763 336 2818 crgo
357 2747 476 2803 refertur
498 2763 645 2803 numerosa
662 2744 818 2802 medacium
835 2751 960 2817 caterva
977 2765 998 2807 a

105 2831 259 2881 surronum,
276 2816 364 2870 Lavit.
383 2819 427 2886 19,
445 2819 487 2884 16,
505 2816 700 2885 detractorum,
718 2817 800 2869 Rom.
818 2819 843 2885 1,
860 2818 908 2887 30,
928 2832 998 2875 cona

104 2884 245 2953 tiatorum,
264 2888 288 2939 1.
311 2885 374 2940 Cor.
396 2889 422 2954 5,
442 2888 485 2953 11,
503 2884 709 2951 maledicorum,
728 2889 753 2938 1.
773 2885 837 2939 Cor.
855 2886 883 2968 6,
904 2888 950 2956 16,
967 2888 998 2943 lit

143 2958 242 3022 torum,
259 2954 344 3008 Proa.
362 2957 403 3018 18,
419 2957 444 3023 6,
461 2953 646 3022 adulatorum,
662 2953 725 3008 Aa.
743 2955 787 3014 12,
806 2954 855 3021 22,
868 2957 998 3024 raason

127 3038 214 3090 orum,
232 3024 315 3076 Rom.
334 3026 358 3090 1,
379 3024 425 3090 36,
444 3021 605 3091 derisorum,
624 3025 651 3076 2.
671 3024 740 3090 Ray.
761 3023 791 3088 2,
804 3022 871 3091 23.)

189 3125 219 3189 3.
243 3126 397 3190 Simulato
418 3124 525 3190 habita
547 3138 575 3189 et
594 3136 681 3210 qesta
702 3136 731 3188 et
749 3135 836 3190 matu.

175 3225 264 3293 (Uxor
274 3224 431 3293 Jcrobeam,
444 3228 468 3278 1.
480 3227 550 3296 ch.
563 3228 651 3295 11,2;
665 3221 789 3279 osculum
801 3224 893 3297 Jocbi,
906 3228 935 3285 2.
945 3226 998 3284 Sar

105 3295 151 3363 26,
163 3297 189 3360 9,
207 3298 236 3349 et
252 3292 353 3362 Judaa,
373 3294 475 3348 Maca.
486 3296 532 3359 26,
550 3297 593 3362 46,
611 3293 684 3349 conf.
703 3293 836 3350 Provcrt.
855 3298 882 3361 6,
901 3298 998 3352 1218.
