2250 3772
117 241 184 307 402
257 238 364 326 Caput
384 239 428 303 Π.
470 239 524 304 De
544 237 693 325 symbolo
717 238 900 326 apostolico.

117 414 172 466 art.
194 415 218 463 ¹1.
235 425 264 490 p.
282 412 334 464 4³4
351 423 439 529 seq&
447 405 640 486 hujuscemodi
657 405 788 461 flosculos
806 406 841 489 (si
858 406 908 461 diis
923 402 992 477 plicet

119 478 213 549 plures
232 476 363 532 invenies.
440 476 569 529 nascier.
586 492 617 529 sn
633 491 720 531 aurea
734 476 837 531 salutis
846 481 994 547 catenam

120 552 163 604 36.
182 551 223 601 37.
245 551 301 600 126.
322 549 350 600 et
369 544 437 599 elios
454 543 565 614 passim.
602 543 684 607 Quod
705 544 866 600 absolutum
889 544 996 624 decadas

123 621 146 671 1.
165 631 229 669 oum
247 614 375 668 absoluto
394 613 491 667 salutis
507 618 619 667 nostrae
637 612 832 683 fundamento,
848 614 931 669 rerbo
945 626 997 667 nur

117 700 181 740 rum
196 682 259 750 Dei,
277 682 323 736 cui
340 682 467 752 ignotum
485 687 514 737 et
530 681 739 747 absconditum,
758 687 878 805 pugnat
912 681 939 737 Δ
952 676 998 738 ddi

138 758 202 807 tura
226 757 252 808 2.
274 768 325 805 nos
347 750 384 805 ad
402 751 499 805 inanes
516 749 724 820 speculationes
745 767 763 805 a
783 751 870 806 ducit.
904 750 999 821 Eranp

116 771 185 875 flam
202 826 225 875 3.
242 817 460 889 imperfectionis
479 819 584 889 arguit,
608 819 688 889 quasi
709 820 885 875 voluntatem
901 818 952 875 Dei
964 832 999 871 noa

117 889 202 970 plane
225 895 254 941 et
274 887 357 957 plene
380 888 462 942 nobis
486 886 678 945 manifestarit.
712 887 840 944 Salutem
864 896 890 946 4.
906 892 998 943 nomn

116 962 251 1012 incertam
270 963 299 1011 et
318 955 432 1009 dubiam
450 956 555 1024 reddit,
573 956 698 1038 adeoque
711 964 735 1011 5.
748 956 795 1012 rel
807 957 847 1012 ad
855 956 1000 1012 securim

116 1025 162 1080 vel
186 1024 404 1093 desperationem
427 1024 549 1080 deducit.
589 1024 718 1097 Demque
741 1031 768 1083 6.
785 1025 813 1079 si
831 1026 999 1091 mund.

116 1110 174 1165 qua
198 1093 267 1216 ipsis
295 1092 445 1147 traditione
470 1093 644 1148 revelatum?
680 1096 742 1148 Nec
762 1095 875 1149 obstant
899 1094 999 1157 1.diss.

117 1178 191 1233 quae
236 1160 399 1231 eneplaciti,
425 1162 575 1232 propositi,
604 1162 722 1230 decreti,
747 1162 904 1218 voluntatis
919 1162 1000 1218 dium

115 1230 284 1285 mentionem
302 1228 418 1284 faciunt.
446 1232 520 1284 Hah.
534 1230 640 1285 Starm.
660 1233 695 1286 dc
710 1232 852 1301 praedest
869 1232 909 1287 th.
922 1236 1000 1353 app
1036 1248 1039 1293 ς

118 1305 218 1355 21171.
256 1298 362 1351 Piscct.
377 1304 464 1355 contr.
483 1299 642 1356 Sohafman.
659 1300 882 1373 thes.1ssssqq.
913 1300 954 1356 lix

112 1368 190 1425 enim
207 1367 232 1422 si
249 1366 407 1421 absolutum
425 1367 644 1437 beneplacitum,
665 1369 840 1439 propositum
858 1374 925 1440 cta,
942 1366 999 1425 inid*

114 1442 175 1499 tur,
199 1436 263 1507 plus
280 1434 412 1505 infertur,
441 1453 525 1507 quam
543 1437 574 1491 in
589 1438 749 1508 praemissis
765 1438 938 1507 continetur,
958 1450 998 1493 a·

114 1504 236 1574 idipsum
259 1503 351 1558 media
374 1504 513 1559 ordinaria
536 1506 668 1561 includat.
701 1508 763 1560 Nec
782 1508 877 1561 obstat
894 1514 919 1565 2.
941 1506 997 1563 Ro}

115 1577 158 1643 11,
178 1576 224 1627 33.
260 1574 367 1626 Piscat.
387 1573 494 1628 observ.
512 1574 562 1628 ult.
579 1574 608 1627 in
627 1574 703 1630 hunc
720 1575 774 1629 loc.
799 1593 828 1646 p.
847 1582 906 1633 277.
939 1576 997 1639 Βῆ

111 1641 489 1765 rameseiae.
507 1642 787 1781 tetrameter
806 1638 997 1780 attat

114 1777 185 1834 Inde
209 1784 302 1834 tamen
327 1778 432 1836 elench.
452 1780 510 1835 eod.
530 1780 701 1835 voluntatem
718 1752 997 1861 Dei'simplisi'tsnl

112 1848 267 1903 sconditam
286 1863 363 1907 esse.
387 1848 484 1902 vitiose
502 1849 685 1903 concluditur.
723 1856 748 1907 2.
766 1850 907 1907 Voluntas
923 1848 996 1905 Dein

112 1917 257 1990 evangelio
294 1915 416 1986 reposita
434 1917 592 1986 appellatur
610 1918 758 1973 absondita
775 1920 928 1974 secundum
944 1912 996 1989 qnid,

111 1986 212 2041 rationi
229 1934 293 2041 scii.J
307 1990 336 2039 et
353 1985 467 2039 notitiae
487 2003 561 2040 mere
577 1986 723 2055 humanae,
745 1990 769 2040 1.
789 1987 856 2043 Cor.
876 1991 903 2055 2,
920 1991 942 2042 8.
969 1982 996 2038 lt

111 2054 176 2125 ipsa
198 2056 326 2110 voluntas
351 2053 451 2108 dicitur
473 2054 651 2109 manifestata
673 2072 724 2125 per
738 2055 881 2111 Christum
896 2058 925 2111 in
938 2068 995 2111 eru·

108 2124 195 2194 gello,
211 2124 276 2177 Jol.
295 2126 320 2185 1,
338 2126 378 2191 18,
398 2123 521 2178 revelata
539 2124 671 2193 parvulis,
687 2126 791 2179 Mattls.
811 2130 855 2195 11,
875 2128 936 2193 25.)

108 2274 140 2343 4.
181 2275 222 2339 Ut
243 2278 280 2338 de
301 2277 429 2361 sr'npolis
451 2278 499 2342 iris
526 2301 655 2364 spamus
673 2280 831 2363 pressius,
853 2282 939 2345 velim
955 2278 993 2343 ia·

106 2362 198 2424 motis
222 2358 403 2444 Scripturas
429 2364 605 2428 testimoniis
634 2364 822 2429 demonstres
844 2366 874 2430 I.
894 2364 993 2429 Desa

102 2445 197 2526 iuxta
212 2448 411 2530 propositum
432 2471 522 2510 suum
542 2449 621 2511 serio
643 2450 778 2511 omnium
793 2449 993 2513 hominumn·

303 2529 394 2594 lutera
416 2543 553 2616 expetere
574 2543 603 2597 et
626 2532 821 2597 desiderare?

189 2649 303 2712 Erech.
327 2649 378 2733 33,
403 2650 452 2715 11.
498 2649 583 2716 Vivo
606 2672 683 2734 ego,
710 2653 781 2715 nolo
803 2662 935 2717 mortem
951 2647 991 2713 in·

107 2735 164 2821 pii,
187 2733 244 2797 sed
265 2744 300 2796 ut
321 2745 523 2800 convertatur
544 2758 563 2798 a
581 2734 632 2799 ria
646 2757 704 2798 sua
718 2745 750 2799 et
766 2734 862 2803 vivat.
897 2731 990 2803 cona

106 2820 220 2884 Erech.
244 2818 294 2896 18,
316 2841 396 2883 vers.
416 2819 472 2888 ult.

190 2920 264 2985 Jol.
286 2922 322 2996 3,
347 2919 395 2986 16.
448 2917 504 2985 Sic
532 2920 622 2985 Deus
650 2919 762 2986 dilexit
787 2922 991 2997 standumst

104 3003 306 3104 unigenitum
320 3003 441 3068 Filium
462 3026 555 3069 suum
571 3007 670 3081 daret,
690 3019 726 3069 ut
742 3008 857 3084 omnis,
878 3007 930 3092 qui
942 3022 990 3070 ort·

102 3090 150 3155 dit
167 3113 200 3153 rn
219 3112 298 3167 eum,
321 3113 386 3154 non
399 3102 518 3176 pereat,
540 3091 596 3155 sed
610 3091 706 3155 vitam
718 3103 880 3157 aeternam
889 3092 987 3157 habat

188 3194 280 3257 ltom.
305 3193 361 3277 11,
384 3193 434 3260 32.
487 3192 653 3257 Conclusit
683 3192 775 3257 Deus
812 3216 918 3260 omnes
944 3184 987 3255 sub

104 3272 367 3361 incredulitatem,
390 3289 425 3340 ut
447 3281 581 3343 orricium
600 3277 811 3346 misereretur.

1032 908 1039 1057 l

1036 1066 1039 1115 1
