2250 3772
429 226 603 316 Scriptura.
785 216 792 227 ¹
927 231 968 298 15

78 389 279 475 Hebr.·2.Peir.
301 400 319 450 2
337 406 364 451 et
380 402 408 452 3.
424 398 488 455 doh
502 398 590 468 Epist
607 397 677 466 dac,
695 401 724 452 et
740 398 791 453 hos
809 397 874 454 olim
894 404 969 455 certo

76 478 220 533 manicos,
247 465 382 522 ecelesiae
404 466 552 522 autoritate
575 466 604 521 in
622 483 756 521 canonem
772 467 909 538 paulatim
927 485 969 523 re·

73 537 157 603 reptos
174 541 310 590 mearunt.
347 535 430 588 Idem
451 541 549 591 contra
565 536 608 590 dis
630 576 636 589 .
655 535 691 591 de
709 535 810 605 Script.
829 536 969 592 Wittaker

69 599 107 656 tt.
126 607 150 658 2.
169 619 193 657 c.
214 608 238 658 3.
258 608 325 658 sect.
347 609 384 659 lt.
401 623 430 674 p.
450 611 500 660 307
520 621 560 675 sq,
620 613 703 659 entra
723 610 744 659 1.
764 604 882 659 ecclesia
899 623 968 660 nun-

10 678 13 693 '
67 687 143 742 qnam
162 671 271 726 calculo
292 689 341 726 sno
360 673 470 728 eosdem
488 672 517 727 in
537 690 671 728 canonem
690 672 795 743 recepit
831 673 880 728 sed
899 692 970 729 sem·

64 756 107 810 per
124 739 161 794 de
179 739 236 794 illis
257 740 403 795 dubitavit.
439 747 463 797 2.
482 741 541 798 Nec
558 742 662 812 potuit,
690 758 744 796 nec
763 714 861 796 deiruit
877 741 906 795 in
925 759 969 798 ca·

62 824 158 864 nonem
176 809 313 890 recipere,
336 809 401 880 qaia
426 828 482 864 non
501 810 578 866 fuere
595 827 646 865 nec
665 810 776 864 suntin
796 827 826 865 se
843 827 907 865 vere
924 828 969 865 ca·

61 877 150 932 nonici
167 893 242 931 sacri
257 893 291 932 aa
310 878 404 936 divini.
434 885 458 933 3.
476 879 536 933 Etsi
555 879 678 934 recentia
698 879 834 949 quaedam
852 880 970 934 concilia

60 963 101 1000 eos
119 947 322 1026 approbarunt,
347 965 403 1002 non
424 948 575 1002 ridendum
593 955 694 1016 tamen
714 948 782 1018 quid
799 947 906 1002 factum
925 949 969 1016 sit,

60 1015 105 1069 ted
126 1014 199 1086 and
217 1014 277 1070 fieri
295 1015 428 1072 debuerit.
469 1024 492 1072 4.
519 1016 672 1072 Concilium
690 1016 879 1070 Laodicenum
896 1034 969 1087 anno

61 1088 115 1138 tet.
135 1083 244 1153 scripta
260 1083 331 1138 haec
348 1090 380 1138 nt
398 1083 565 1139 ἀκανόνιστα
577 1085 682 1156 rejecit,
701 1102 797 1141 canon.
813 1092 853 1140 59.
870 1103 898 1156 p.
910 1092 968 1141 704.
999 1142 1002 1147 ,

59 1151 117 1209 Vol
141 1151 228 1208 Cone.
252 1157 273 1207 l.
294 1153 420 1208 Secundi
440 1156 552 1236 panaria
574 1171 643 1227 apoc
678 1154 727 1223 phi
751 1154 806 1207 illis
822 1160 901 1222 sunt,
921 1154 969 1233 qui

59 1220 158 1275 veleb
181 1220 328 1276 haereticis
347 1221 393 1276 vel
411 1223 472 1277 ahie
491 1222 543 1277 sub
563 1173 749 1294 apostdiorum
769 1222 880 1286 nomine
892 1221 969 1291 edni,

57 1296 102 1344 nt:
125 1296 193 1344 acta
210 1288 302 1358 Pauli,
319 1292 493 1362 evangelium
507 1297 535 1346 et
546 1290 722 1414 apocalypsis
734 1291 818 1354 Petri,
837 1290 968 1358 Thomae,

57 1358 161 1414 indae.
179 1358 325 1414 Nicodemi
343 1364 395 1414 etc.
424 1366 452 1415 et
476 1359 527 1415 hos
545 1377 562 1413 a
583 1376 667 1430 ocryp
689 1377 719 1414 os
738 1376 798 1414 esse
815 1360 896 1429 ajunt
913 1377 969 1414 non

56 1427 214 1495 canonieos,
232 1427 295 1482 ideo
313 1428 410 1495 solum,
427 1429 494 1499 quia
512 1378 630 1484 eccidsia
649 1446 694 1484 eos
714 1447 771 1482 nun
793 1445 857 1482 uam
870 1445 967 1500 appro-

55 1495 122 1550 hare
147 1495 275 1551 voluerit.
314 1495 446 1554 Distu.
475 1515 497 1552 c
517 1504 539 1553 3.
562 1498 716 1567 Stapletou.
735 1498 761 1550 d.
774 1446 800 1552 i.
844 1499 966 1552 Contra:

56 1580 108 1620 neo
133 1581 260 1634 unquam
282 1565 438 1635 approbare
460 1566 565 1648 potnit,
592 1566 658 1638 quia
679 1566 719 1620 nil
747 1565 833 1619 divini
850 1566 969 1636 Spiritus

56 1633 85 1686 in
104 1648 136 1686 ee
155 1633 344 1688 continebant
374 1641 396 1690 2.
416 1634 537 1704 ReJeeit,
561 1641 590 1690 at
613 1653 669 1690 non
706 1634 795 1688 rivata
813 1636 967 1703 autoritate,

56 1701 105 1756 sed
125 1706 242 1772 propter
257 1701 312 1756 alia
329 1711 493 1774 argumenta
518 1721 552 1758 ex
574 1702 641 1774 ipsis
659 1653 738 1758 titius
757 1705 915 1773 desumpta,
938 1707 970 1756 ut

57 1776 128 1841 pata
157 1777 178 1827 1.
203 1787 237 1824 ex
259 1771 354 1840 phrasi
381 1778 410 1826 et
433 1772 606 1827 charactere:
630 1778 654 1829 2.
675 1790 708 1827 ex
727 1772 865 1827 sententia
883 1778 911 1826 et
928 1771 969 1836 in·

56 1839 211 1903 stitutione,
230 1857 280 1894 seu
299 1840 439 1896 doctrinae
465 1859 573 1923 genere.
606 1847 630 1896 ³.
649 1859 682 1896 ex
700 1840 842 1895 doctrinae
860 1846 969 1921 aposto·

58 1909 132 1962 licae
153 1906 338 1978 dissonantia,
356 1914 385 1964 et
401 1910 528 1980 plurrmis
548 1909 619 1966 aliis.
657 1909 772 1964 Constat
790 1925 855 1979 ergo
874 1925 968 1962 immo-

56 1981 118 2031 tum
137 1977 265 2031 αωίωηαε
286 1979 406 2032 eeclesia
424 1981 589 2048 qualitatem
606 1980 744 2032 librorum
763 1995 819 2031 nea
833 1985 928 2046 pateat
941 1985 971 2031 et

57 2047 142 2099 debet
163 2045 323 2115 immutare,
347 2050 401 2100 aed
422 2049 520 2116 quales
543 2049 613 2101 libri
634 2050 665 2100 iu
684 2065 713 2101 ee
731 2054 808 2111 aaut,
833 2047 904 2101 talea
923 2063 970 2099 eos

53 2114 278 2184 manuariare.)

59 2269 109 2334 17.
154 2267 246 2347 Quod
275 2270 304 2332 ri
330 2271 508 2333 eanonicam
535 2294 597 2334 aaa
625 2270 737 2336 habeut
766 2272 970 2356 autoritatem,

305 2376 415 2437 erpone
429 2355 527 2439 piane
545 2355 723 2439 rejiciendi?

147 2470 233 2538 Non.
269 2469 336 2535 Sed
350 2493 399 2534 ex
421 2483 562 2537 veterum
571 2471 694 2557 judicio
716 2473 750 2536 in
764 2472 907 2550 eeclesia,
929 2473 971 2536 ad

59 2555 168 2642 plebis
189 2555 457 2646 aedificationem,
486 2570 559 2622 sunt
579 2556 723 2642 legendi:
756 2570 985 2643 veruntamen,

59 2640 152 2725 quod
178 2640 381 2726 Augustinus
410 2655 532 2720 monet,
559 2642 674 2707 sobrie.
729 2643 805 2706 Vide
834 2643 971 2707 eundem

59 2739 161 2790 contr.
172 2729 293 2790 eeeuad.
309 2725 477 2792 Gaudentii
487 2730 589 2814 Epist.
612 2730 630 2792 l.
646 2731 679 2795 2.
702 2751 768 2811 rap.
780 2731 835 2793 23.
859 2741 930 2794 tom.
945 2731 971 2792 7.

58 2812 115 2878 eol.
143 2813 222 2875 353.
249 2810 281 2874 O.

131 2925 223 2995 (Dicti
246 2926 311 2981 hinc
335 2932 401 2982 sunt
425 2928 508 2983 etiam
534 2928 724 2982 eccleciaetice'.
764 2927 830 2983 Vid.
849 2923 972 2996 symbol

59 2994 168 3050 Bnffiu
185 3013 230 3066 ap.
255 2996 418 3064 Hieronem.
437 3003 504 3054 tom.
523 3004 547 3052 4.
573 3013 638 3068 pag.
661 3003 717 3053 113.
738 2995 773 3050 Α.
809 2996 973 3062 Hieronem.

61 3063 383 3204 timitem?
397 3071 536 3205 itit·
559 3073 611 3189 ιη.
636 3063 972 3205 3335233333
