2250 3772
106 249 171 314 224
246 246 353 334 Caput
375 248 419 312 H.
464 250 516 314 De
538 251 686 334 symbolo
709 250 892 335 apostolico.

176 416 302 487 (Anysis
323 434 422 471 nomen
446 434 501 469 noa
523 425 718 486 saturasset,
747 419 800 470 ssd
818 418 920 486 officii,
940 414 993 469 rsa

107 475 258 540 Ambrosio
277 502 375 541 comm.
394 486 423 538 in
440 492 461 540 1.
476 502 536 554 cap.
548 484 635 540 Hebr.
654 490 673 539 t.
690 493 714 539 5.
730 503 759 556 p.
774 490 842 543 426:
859 494 994 551 meast

106 554 154 608 las
172 572 273 623 praees
291 563 318 607 et
342 554 432 607 latiae
456 554 576 607 assetus
596 554 772 622 appellatas.
806 556 933 609 Nursina
944 562 995 619 erpo

107 623 230 677 aetionis
246 640 347 677 nomen
364 632 413 691 est,
431 624 467 676 ab
479 624 598 703 spendo,
616 623 650 675 s'd
669 630 711 675 est
728 623 846 692 aliquid
860 616 996 677 sumendo

106 692 228 745 naudus
246 691 427 761 appellatas,
446 692 524 746 addrt
543 693 661 760 August.
682 692 712 745 in
729 697 813 748 tract.
832 692 869 747 de
886 708 926 761 ec,
940 680 997 762 quati

107 760 274 815 dictumest
298 777 316 814 a
332 760 394 815 Deo
418 760 455 815 ad
472 760 603 815 Mosen:
629 777 681 831 ego
698 777 774 829 sum,
794 760 846 831 qui
861 758 997 829 sumti·

108 829 159 883 col
178 834 236 885 ste,
256 829 293 885 A.
313 833 341 883 et
358 829 456 882 Enarr.
474 829 504 883 in
517 779 563 883 i’s.
586 834 641 883 103.
660 832 680 881 t.
699 834 724 883 8.
741 828 884 885 col1182.
900 828 934 885 h
959 820 998 881 ni·

107 896 182 951 citur
200 895 256 951 ἀπὸ
276 900 326 951 τοῦ
338 896 493 978 ἀγγέλλειν,
512 897 588 968 quod
599 897 770 951 annunciare
781 896 928 969 significat,
942 892 998 951 uult

106 971 136 1019 et
160 964 279 1049 ἄγγελος
301 983 433 1029 nuncius,
462 967 587 1037 legatus,
613 965 727 1019 missus·
756 966 890 1021 tribuitur
914 974 936 1023 l.
954 956 996 1019 ιη’

107 1033 207 1103 ἐξοχην
228 1036 312 1089 etiam
335 1034 393 1090 filio
410 1034 479 1102 Dei,
504 1036 553 1106 qui
577 1034 694 1106 angelus
710 1007 838 1091 jehovae
855 1035 997 1106 appulsus.

106 1106 201 1157 Esset.
221 1107 262 1171 11,
281 1108 323 1167 19,
342 1108 371 1157 et
389 1103 505 1175 angelus
524 1103 691 1171 testamenti,
711 1104 841 1159 Maloeis,
859 1109 929 1171 3,1.
954 1100 998 1157 lte

107 1171 251 1253 taphorice
270 1177 293 1227 2.
313 1171 444 1227 tribuitur
463 1172 595 1225 ministris
612 1170 754 1239 eeclesiae,
772 1172 849 1227 Mal.
863 1176 891 1241 2,
905 1177 927 1231 7.
948 1172 998 1227 Pro

106 1257 166 1310 pne
187 1246 211 1295 3.
231 1240 373 1312 spiritibus
391 1258 409 1295 a
420 1240 481 1295 Deo
501 1240 602 1296 creatis
620 1240 833 1309 ministratoriis,
851 1244 901 1295 Ps.
914 1238 998 1307 scal,-

106 1310 286 1378 Hebr.1‚1s.
318 1309 373 1375 Qui
392 1315 420 1364 et
432 1310 622 1379 metaphorice
641 1309 771 1363 dicuntur
789 1319 870 1363 astra
882 1308 999 1365 mantra

106 1379 172 1431 Joh.
184 1382 229 1445 33,
245 1381 266 1445 7,
286 1380 353 1449 quia
368 1386 484 1432 naturae
504 1383 570 1431 sunt
588 1377 753 1447 purissimae
772 1383 802 1433 et
819 1378 997 1439 lucidissimi

106 1452 136 1501 et
155 1452 178 1500 2.
195 1447 258 1514 fitis·
273 1448 347 1514 Dei,
369 1447 435 1502 Joh.
452 1452 482 1515 1,
501 1450 526 1512 6,
551 1446 659 1500 ratione
679 1445 844 1515 creationis;
873 1454 898 1503 3.
916 1446 949 1501 ah
961 1440 998 1499 atl-

101 1516 204 1585 juncta
222 1514 358 1585 dignitate
381 1516 437 1583 uia
465 1523 491 1571 4.
509 1516 545 1570 ab
565 1515 700 1585 adjuncta
715 1516 843 1585 potentia
881 1520 997 1571 ossam,

106 1584 236 1652 imperia,
256 1584 425 1650 (lominatss,
444 1585 541 1638 throni
557 1593 606 1638 ete.
625 1585 699 1652 Eph.
718 1589 816 1653 3,10,·
865 1603 917 1642 om.
928 1590 949 1651 8,
958 1582 996 1645 385

109 1653 169 1708 θοι.
187 1656 210 1721 1,
231 1656 282 1720 16,
308 1660 336 1707 et
354 1660 376 1707 5.
397 1654 433 1708 ab
453 1652 555 1707 effectu
575 1652 761 1733 metaphorice
773 1654 910 1721 flammae
933 1648 997 1723 ipsis,

107 1722 195 1774 Hebr.
216 1725 239 1789 1,
261 1728 285 1789 7,
312 1721 360 1843 gui
378 1720 477 1791 impios
497 1721 587 1775 instar
604 1722 676 1792 ignis
694 1721 859 1792 absumunt;
886 1723 948 1779 item
961 1717 997 1773 do·

104 1791 233 1859 raphim,
261 1808 316 1860 quo
352 1807 445 1845 amore
461 1790 516 1844 Dei
534 1795 562 1844 et
581 1789 724 1844 hominum
746 1789 882 1861 flagrent;
905 1796 932 1846 ct
952 1794 998 1843 tt

104 1858 195 1913 forma
213 1859 419 1930 apparitionum
438 1859 593 1927 Cherubim,
621 1859 697 1929 quod
712 1859 803 1914 forma
820 1860 996 1931 utplurimum

105 1928 182 1982 alata
199 1935 370 1998 appareant;
397 1947 452 1999 quo
467 1933 595 1997 respectu
613 1934 642 1981 et
659 1928 722 1994 siri,
741 1936 767 1981 et
778 1929 838 1981 oiri
849 1930 909 1983 Dei
922 1927 997 1981 dicun·

105 2003 159 2063 tur,
180 1997 250 2051 Gen.
263 2002 290 2064 3,
309 2000 353 2049 21.
373 2005 400 2050 et
416 2004 457 2064 13,
471 2000 498 2058 2,
521 1997 587 2066 quia
604 1997 633 2050 in
652 1996 742 2050 forma
759 1996 812 2050 viri
830 2002 996 2068 apparerent

105 2067 171 2120 lent.
206 2066 345 2119 Dicuntur
364 2073 392 2120 et
410 2065 530 2135 denique
554 2072 577 2119 7.
599 2083 616 2118 a
634 2064 725 2119 officio
744 2065 890 2121 ministerii
909 2060 995 2138 stetit&

105 2134 284 2188 Definitionis
301 2152 388 2204 genus
408 2141 450 2188 est
467 2134 597 2203 spiritus,
615 2151 671 2187 non
690 2134 804 2204 quidem
823 2134 939 2190 volatilis
952 2138 997 2183 sut

105 2210 205 2256 ventus
226 2203 411 2265 elementaris,
436 2219 490 2273 quo
509 2220 591 2257 sensu
605 2202 742 2272 accipitur
757 2203 824 2255 Joh.
841 2208 869 2271 3,
887 2206 909 2271 8,
927 2206 997 2279 ¹¹qu

106 2269 243 2334 infinitus,
265 2276 298 2324 ut
315 2270 435 2340 Spiritus
459 2278 585 2339 sanetus,
612 2271 663 2325 sed
686 2270 893 2341 substantialis,
915 2270 997 2325 linlthh

106 2339 191 2394 Unde
208 2340 277 2393 haec
294 2345 462 2409 promanant
482 2340 633 2393 axiomata:
650 2340 671 2394 Ι.
692 2340 790 2408 capeti
805 2349 872 2394 sant
891 2340 997 2393 mutor

106 2408 162 2461 tiae
179 2408 355 2487 spirituales,
373 2410 493 2462 realiter
512 2417 536 2461 st
553 2426 618 2461 sere
629 2410 818 2464 subsistentes.
845 2407 997 2464 tribuuntur

107 2476 181 2531 enim
197 2476 264 2556 ipsis
284 2477 419 2545 actiones,
446 2493 518 2548 quae
534 2494 591 2531 non
607 2477 664 2530 nisi
682 2477 856 2534 substantiae
873 2496 934 2534 vere
948 2468 997 2527 suh·

104 2545 215 2599 sistentr
234 2545 409 2614 conveniunt,
428 2551 541 2615 utputa:
573 2546 633 2601 Deo
647 2547 765 2611 adstare,
785 2546 879 2603 Deum
894 2544 996 2617 laude-fh

106 2615 136 2668 in
145 2614 261 2669 veritate
269 2614 425 2684 persistere,
439 2632 555 2685 corpora
564 2615 687 2681 induere,
702 2631 837 2685 apparere
846 2624 898 2672 ete.
922 2612 998 2666 Actw·

106 2701 156 2738 nes
174 2689 267 2736 autem
284 2688 350 2736 sunt
369 2685 588 2769 suppositorum,
611 2683 641 2736 id
659 2691 713 2752 est,
737 2701 832 2737 carum
850 2700 937 2739 rernm
951 2684 998 2732 Μ·

104 2758 178 2815 tum,
199 2769 271 2823 quae
289 2752 395 2807 habent
413 2753 568 2807 υπόστασιν
585 2751 644 2806 sive
662 2761 816 2822 quaesunt
835 2750 997 2826 taratara

104 2821 204 2892 Itaque
230 2820 267 2876 ΙΙ.
287 2830 353 2890 qreot
370 2832 433 2874 sent
453 2823 561 2890 angeli,
587 2830 627 2875 tot
650 2829 713 2873 sant
736 2822 867 2876 diversae
884 2821 998 2876 esssstffl

103 2890 250 2956 angelieas
272 2892 390 2943 seorsim
412 2892 594 2945 subsistentes.
628 2891 740 2942 Errant
756 2889 843 2959 igitur
865 2899 886 2946 1.
906 2880 998 2944 Sadd*

105 2960 182 3025 ensi,
209 2958 256 3029 qui
274 2960 389 3030 angelos
413 2959 571 3028 spirituales
595 2958 789 3012 subsistentias
812 2962 957 3031 negarunt,
977 2950 999 2999 θ*

104 3027 192 3093 bonos
209 3033 318 3081 tantum
335 3032 426 3081 motus
444 3027 535 3081 cordis
560 3045 620 3082 esse
645 3028 786 3087 dixerunt,
811 3030 907 3082 Actor.
925 3026 965 3090 23,
980 3018 998 3067 3·

106 3098 198 3148 Errat
217 3102 240 3152 2.
264 3097 405 3165 Georgius
424 3098 525 3149 David
532 3137 538 3163 ,
563 3097 611 3166 qui
628 3096 739 3149 omnino
758 3097 873 3167 angelos
896 3086 999 3167 negem

105 3170 135 3217 et
152 3180 183 3217 se
194 3164 305 3218 tertium
318 3164 455 3218 Davidem
470 3169 497 3217 et
510 3182 606 3218 verum
620 3164 751 3219 Messiam
762 3165 922 3235 nominavit,
939 3162 1000 3217 Prt·

105 3233 170 3285 teol.
186 3232 234 3286 lib.
247 3239 272 3289 4.
292 3232 381 3289 Eleet.
401 3232 506 3289 haeres.
522 3240 543 3288 3.
564 3252 630 3314 pag.
644 3240 701 3289 140.
714 3239 742 3286 et
755 3233 803 3287 lib.
818 3241 842 3288 7.
860 3226 999 3291 hasrsstl

105 3317 171 3371 pag.
184 3307 240 3357 198.
258 3303 326 3357 Luc.
338 3302 455 3357 Oss'arsrt.
465 3308 535 3356 cent.
550 3308 587 3359 16.
601 3302 649 3359 hb.
665 3309 689 3357 2.
703 3319 763 3370 cap.
776 3310 800 3358 4.
814 3320 881 3375 pag.
893 3312 945 3360 119.
955 3294 1000 3356 12⁰·
