2250 3772
424 227 478 293 De
501 227 663 294 electione.
801 256 803 260 ·
935 227 1000 293 4οῚ

115 395 213 455 ffienim
238 412 295 452 non
321 412 386 452 vere
404 396 568 451 sanctificati
585 395 715 465 fuissent,
740 396 877 466 quomodo
894 396 1000 467 suppli-

115 464 169 521 sun
182 465 232 520 illis
249 465 316 522 inda
336 467 497 521 exacerbari
515 466 630 536 posset?
648 465 785 536 quomodo
802 464 940 519 Christum
957 483 1000 519 re·

114 533 293 607 assignant,
306 534 344 588 si
368 552 420 605 pro
442 534 510 604 ipsis
536 533 682 589 crucifixus
705 532 782 604 prius
805 550 860 587 non
878 534 999 588 lenset?

61 658 68 667 ,
114 602 177 659 tone
200 603 274 675 qnod
303 603 338 658 de
365 612 482 674 peccato
508 603 538 657 in
563 603 696 674 Spiritum
713 609 841 656 sanctum
865 602 999 675 loquitur,

116 672 174 741 qaod
196 670 369 729 manifestam
391 672 504 743 agnitae
525 671 649 726 veritatis
666 670 903 742 impugnationem
920 689 1001 741 prae·

115 740 232 863 nqpmmmt.
266 743 412 796 Insulsum
428 747 470 795 est
488 746 512 795 3.
530 740 701 812 distinguere
718 739 858 794 Christum
873 756 924 810 pro
941 757 999 794 om·

112 824 138 863 nr

199 813 337 865 mortuum
363 826 422 864 esse
445 808 627 873 sufficienter,
654 827 706 879 pro
730 808 824 863 electis
847 825 912 864 vero
931 808 997 863 solis

111 874 245 933 didmtcr.
284 879 396 933 Porcus
413 876 511 932 Irenic
541 894 566 934 c.
585 884 627 933 24.
657 895 685 947 p.
708 883 764 932 142.
801 879 999 931 Kimsdcots'cs

112 942 143 999 ds
161 946 264 1001 rodcmt
293 962 356 1018 gen
374 947 447 1000 hum.
469 947 487 1000 l.
510 953 531 1001 1.
550 963 573 1001 c.
596 952 636 1001 11.
655 964 683 1016 p.
705 951 738 1000 63
756 963 833 1026 seqq.
872 946 998 1002 1.Enim

111 1010 227 1071 musto
242 1014 314 1069 hacc
324 1032 381 1071 non
393 1014 569 1095 ascriptum,
588 1015 636 1069 sed
651 1032 665 1069 e
678 1014 904 1069 scholasticorum
921 1031 995 1069 cers·

110 1078 153 1137 bo
164 1088 200 1138 est
213 1084 329 1154 prolata
364 1090 389 1139 2.
406 1083 508 1138 Allatrs
525 1083 684 1153 Scripturas
701 1083 864 1138 testimoniis
884 1084 995 1138 eviden-

110 1152 297 1210 tarcontraria.
340 1157 365 1206 3.
381 1152 427 1206 Ab
449 1153 510 1222 ipso
531 1152 607 1206 Bona
630 1157 658 1206 ct
682 1151 744 1206 aliis
769 1158 902 1223 tanquam
920 1168 998 1206 mera

110 1218 278 1289 hpvmsatio
293 1220 444 1291 sophistica
461 1228 490 1276 et
506 1221 601 1291 inepta
608 1222 722 1275 re'ecta.
752 1221 887 1290 Respons.
897 1227 921 1276 2.
932 1222 997 1275 Col·

111 1284 158 1354 lna.
171 1290 318 1359 Mcmpclp.
335 1308 364 1360 p.
383 1295 441 1344 217.
460 1295 517 1345 218.
536 1295 595 1344 221.
659 1292 738 1343 iscat.
762 1290 792 1343 in
809 1291 914 1359 analys.
934 1307 995 1371 sup.

111 1368 132 1409 a.
150 1362 167 1410 1.
180 1357 295 1415 Timoth.
315 1364 341 1415 2.
360 1375 425 1428 pag.
441 1365 483 1414 31.
518 1357 680 1428 Improbata
697 1357 734 1411 ab
761 1359 822 1427 ipso
847 1360 943 1412 Pareo
965 1376 996 1412 rn

112 1422 169 1503 apol.
183 1425 289 1483 biblior.
306 1426 438 1483 Neostad.
454 1426 504 1482 fol.
517 1434 559 1483 97.
592 1433 616 1480 t.
634 1428 669 1481 In
685 1427 778 1496 ipsum
790 1426 881 1482 Deum
897 1433 925 1481 et
936 1443 995 1481 me-

110 1498 177 1546 ntam
191 1494 290 1549 christi
308 1494 511 1551 contumeliosa.
547 1494 602 1559 Qui
619 1496 693 1550 enim
709 1494 835 1548 omnibus
854 1495 1008 1549 sufficiens*

111 1574 261 1619 mercasse
279 1569 386 1634 posset,
411 1580 474 1617 cum
498 1564 576 1618 Deus
599 1564 727 1618 omnibus
752 1564 855 1617 Filium
871 1580 927 1618 non
945 1564 995 1623 mie

111 1628 173 1709 gart,
186 1649 236 1687 nec
252 1632 375 1687 omnium
393 1628 515 1688 misereri
532 1633 669 1687 voluerit?
698 1633 797 1703 Aeque
814 1649 847 1686 ac
868 1633 891 1687 si
908 1632 996 1687 fame·

110 1694 164 1751 lans
178 1718 267 1757 omnes
285 1700 456 1756 sufficienter
472 1707 609 1755 saturatos
629 1702 749 1759 diceres.
767 1702 791 1754 si
811 1701 909 1755 divites
926 1701 996 1755 satis

111 1762 155 1819 cibi
173 1770 205 1823 ad
228 1769 360 1824 cibandos
385 1769 508 1850 singulos
528 1769 676 1838 haberent,
700 1786 783 1841 quem
804 1769 834 1823 in
852 1776 995 1824 aeternum

111 1836 184 1913 pmcn
204 1837 340 1893 famelicis
362 1837 528 1893 distribuere
545 1839 658 1895 nollent.
699 1845 723 1893 5.
736 1839 947 1908 Ἀσυλλογίστως
966 1843 994 1891 et

111 1906 293 1972 mpertinonter
309 1924 345 1977 ap
366 1906 458 1960 licata.
488 1908 551 1964 Non
568 1907 641 1961 esim
659 1907 784 1977 quaestio
800 1913 850 1975 est,
868 1923 904 1960 an
920 1921 996 1959 mors

104 1966 193 2029 Christi
226 1993 256 2031 ro
274 1924 453 2045 reprolsorum
471 1975 592 2045 peccatis
610 1993 720 2046 quoque
732 1974 861 2043 sufficiat,
880 1975 904 2028 si
916 1974 995 2028 Deus

111 2038 179 2119 geht?
284 2061 321 2098 an
339 2060 435 2098 revera
452 2043 529 2098 Deus
546 2044 673 2099 sufficere
690 2043 819 2107 voluerit,
844 2048 872 2097 et
887 2060 924 2097 an
943 2060 995 2113 pro

111 2106 187 2166 wien
201 2129 298 2168 revera
315 2112 500 2167 satisfecerit?
536 2112 609 2177 Quid
627 2113 712 2183 igitur
730 2112 835 2166 isthaec
853 2113 889 2166 ad
902 2112 992 2166 rhom-

110 2171 179 2257 ψ
207 2180 301 2237 Unum
318 2181 363 2234 hic
375 2190 460 2234 nota:
480 2198 530 2250 pro
548 2181 685 2237 decisione
697 2188 920 2252 argumentorum
933 2180 996 2236 Cal·

110 2258 257 2323 !ffllaaorum
278 2250 503 2321 distinguendum
522 2249 569 2304 hic
587 2267 646 2305 esse
668 2250 741 2304 inter
758 2259 874 2305 mortem
891 2249 995 2305 Christi

110 2326 186 2387 Μ,
201 2323 230 2374 et
245 2319 319 2373 inter
336 2319 396 2373 c'us
416 2317 550 2373 beneficia
569 2323 598 2373 et
616 2319 745 2387 fructum,
764 2319 887 2390 itemque
905 2319 995 2390 appli-

110 2382 230 2467 cationem,
266 2403 320 2441 uae
336 2336 370 2440 dl
387 2403 437 2456 per
454 2385 545 2441 fidem
577 2386 707 2451 Quaestio
726 2394 767 2442 est
785 2388 820 2443 de
832 2389 894 2469 ipsa
905 2393 994 2443 morte

110 2452 229 2529 Quarto
247 2404 363 2523 amisti,
389 2472 425 2508 an
451 2456 487 2508 sit
522 2473 553 2510 ro
570 2457 697 2511 omnibus
714 2464 894 2511 communiter
913 2472 994 2526 prae·

109 2520 165 2575 stlta
184 2524 358 2596 Argumenta
367 2523 489 2578 omniaC
518 2525 691 2578 vinianorum
709 2526 744 2581 de
762 2526 878 2579 salutari
896 2540 994 2578 eorun-

82 2600 87 2605 '
110 2582 158 2643 lan
174 2592 265 2647 fructu
282 2598 311 2647 et
325 2592 527 2663 applicatione,
555 2610 626 2663 quae
644 2593 676 2648 fit
714 2612 744 2649 er
760 2593 857 2660 fidem,
883 2593 993 2648 conclu-

110 2650 173 2729 int,
197 2666 226 2716 st
248 2661 288 2715 sic
311 2668 335 2719 4.
361 2661 540 2716 terminorum
566 2662 678 2717 elencho
693 2612 807 2719 ludunt.
839 2662 914 2715 Mors
933 2661 996 2730 ipsa

111 2718 154 2781 'lae
174 2729 393 2785 consideratione
415 2729 481 2785 fidei
500 2745 550 2800 pro
574 2730 706 2798 inimicis,
733 2731 923 2801 peccatoribus
941 2735 994 2783 etc.

111 2796 142 2845 Oi
153 2804 288 2877 paestita,
309 2799 389 2852 Rom.
402 2802 428 2867 5,
448 2801 474 2855 6.
496 2801 518 2852 7.
535 2803 559 2852 8.
577 2802 620 2852 10.
655 2799 774 2854 Fructus
792 2804 885 2854 autem
898 2797 996 2852 mortis

109 2858 160 2917 uh
174 2866 227 2921 nisi
243 2865 320 2921 fideli
336 2866 471 2936 applicari
487 2872 586 2936 potest,
623 2868 671 2922 uia
682 2867 752 2923 fides
770 2873 811 2922 est
829 2868 995 2921 instrumen-

109 2924 155 2985 Νὴ
169 2934 251 3006 hujus
269 2935 458 2990 attributionis
483 2952 576 2990 causa.
638 2937 737 2991 lencho
755 2954 863 3005 conseq.
881 2934 993 2997 fallunt,

108 2990 156 3075 lym
268 3010 411 3058 antantnr:
442 3003 566 3058 Christus
585 3023 635 3074 pro
654 3005 763 3074 electis,
780 3004 927 3072 fratribus,
945 3002 994 3056 Fi·

106 3056 137 3119 l*
160 3072 201 3127 ovi
222 3088 269 3141 ns,
289 3072 420 3141 ecclesia,
439 3073 632 3142 sanctificatis,
649 3074 751 3156 populo
771 3091 836 3141 suo,
855 3074 923 3127 item
940 3086 995 3141 pro
1029 3118 1033 3125 .

104 3110 177 3195 aulos
192 3141 337 3196 mtisfecit
365 3142 441 3212 Ergo
457 3158 513 3196 non
521 3159 573 3212 pro
584 3143 718 3198 ommbus.
745 3143 852 3196 Piscot.
865 3142 993 3212 deprae-

104 3196 157 3263 dat.
170 3208 241 3266 thes.
262 3214 294 3265 58
314 3226 372 3291 seq.
390 3226 491 3282 apag.
512 3218 553 3267 43.
575 3211 612 3266 ad
631 3219 673 3268 49.
703 3213 816 3265 Parcus
834 3210 907 3268 Iren.
925 3226 992 3280 pag.

100 3268 184 3350 ⁴²·cq.
210 3278 307 3334 nnn.
326 3285 410 3334 otram
426 3297 477 3350 pro
493 3281 563 3334 solis
581 3280 677 3335 electis
694 3279 767 3336 etc?
793 3279 995 3335 Falsissimum.
