2250 3772
152 250 207 317 De
223 272 262 317 re
282 274 307 319 s.
330 273 448 318 coenae
470 267 622 317 terrenae.
666 254 692 321 Ι.
711 254 765 319 De
779 277 871 341 pane.
912 255 978 321 543

59 418 149 474 modo
177 420 215 473 ad
241 419 459 475 distributionem
488 422 711 492 praeparandus,
743 422 909 479 christianae
934 440 977 478 re·

58 486 163 545 lictum
188 494 231 543 est
255 488 385 544 libertati.
429 490 513 545 Modo
541 492 633 544 omnia
659 492 754 546 ordine
781 491 851 545 liant
875 499 903 547 ot
929 493 976 548 de·

46 564 168 614 ¹(tenter.
226 554 299 612 Vide
332 559 458 613 Motioas
495 567 609 613 nocuas
642 562 852 630 earundemque
882 578 975 615 asam·

58 625 264 763 mmb)Ubi
290 626 417 697 pluribus
442 627 496 682 hoc
525 629 682 699 argumenti
707 646 797 701 genus
825 636 977 699 pertracta·

144 711 175 750 es

47 814 116 881 -17,
157 814 249 893 Quod
268 819 297 879 ai
316 839 387 900 erpo
407 814 581 879 hostiarum
600 828 632 880 et
652 817 815 882 fractionis
835 843 910 882 certa
931 823 977 901 itt-

45 902 206 989 'defferens
222 912 273 984 est,
295 922 398 964 aranon
416 902 572 985 obropotia
586 903 693 966 bestiis
711 908 822 967 rectius
838 908 870 966 m
886 929 976 985 usum

59 1008 176 1049 coenae
197 988 407 1049 restitueretur
427 984 603 1049 communis
625 986 734 1072 panis,
756 993 840 1071 isque
869 990 902 1051 in
924 1013 975 1055 aa·

59 1072 145 1135 dono
177 1091 283 1134 coenae
310 1072 444 1154 exempto
469 1071 599 1154 Christi,
627 1073 836 1156 apostolorum
858 1085 887 1136 et
902 1076 977 1157 pri-

252 1156 376 1217 mitivae
397 1156 535 1217 ecclesiae
550 1156 778 1241 fronyeretur?

149 1252 236 1320 Sane
262 1255 290 1319 si
317 1255 530 1339 susciperetur
560 1255 621 1320 ista
647 1257 898 1335 ceremoniarum
923 1258 975 1323 in·

54 1339 193 1407 novatio
222 1342 249 1407 1.
268 1352 304 1404 ut
325 1362 375 1404 res
397 1340 580 1404 omnimodo
602 1341 704 1406 libera
725 1358 757 1406 et
777 1343 972 1409 indifferens,

147 1426 178 1491 2.
198 1425 356 1499 Unanimi,
373 1424 526 1489 ecclesiae
546 1448 710 1492 consensu.

148 1511 178 1575 3.
200 1510 289 1576 Citra
309 1511 411 1574 ullum
430 1510 640 1574 infirmiorum
661 1512 855 1576 scandalum.
959 1532 962 1539 ’

43 1594 46 1599 ’
147 1601 179 1659 4.
202 1593 292 1661 Citra
311 1617 403 1659 verae
427 1610 459 1658 et
473 1595 614 1661 sincerae
629 1597 791 1662 doctrinae
807 1602 974 1685 corrupte·

54 1674 127 1745 lam
148 1701 188 1743 ac
207 1680 473 1766 depravationem.

147 1766 178 1831 5.
201 1766 337 1849 Absque
358 1765 493 1829 aliarum
513 1766 734 1843 eeclesiarum,
763 1790 846 1850 quae
875 1767 972 1831 ritum

55 1848 155 1915 illum
175 1849 275 1915 libere
296 1872 362 1914 non
383 1851 562 1927 observant,
583 1852 866 1929 condemnatione3
890 1851 974 1916 libe-

45 1952 134 2001 'rum
155 1935 267 2020 utique
288 1935 378 2003 foret.
959 1944 961 1949 '

152 2019 266 2084 Verum
288 2045 356 2084 eum
376 2021 466 2084 bodie
487 2024 685 2084 aestimatum
710 2024 738 2086 l.
752 2034 788 2084 ut
809 2043 860 2084 res
878 2020 975 2086 ahso-

53 2104 128 2169 luts
148 2105 190 2167 ad
211 2105 410 2205 analogicum
429 2105 729 2190 praefigurationem
750 2106 937 2171 necessaria.

148 2190 178 2255 2.
199 2191 346 2255 Ecclesia
373 2191 577 2254 dissentiente
604 2202 636 2254 et
661 2190 789 2278 publice
812 2190 973 2256 contradi·

41 2284 162 2341 dente.

146 2360 177 2426 3.
197 2358 343 2423 Maximo
365 2380 436 2424 cum
457 2359 654 2424 infirmorum
675 2361 835 2426 scandalo.

44 2486 54 2497 -
145 2445 177 2511 4.
203 2442 411 2510 Orthodoxac
438 2444 594 2530 imprimis
623 2446 786 2509 doctrinae
811 2446 973 2510 adultera-

45 2528 165 2606 ·tione,
197 2543 229 2593 et
258 2529 375 2607 salsae,
407 2530 468 2593 sub
491 2530 634 2615 specioso
656 2531 717 2594 hoo
739 2531 972 2615 integumento,

26 2612 156 2679 ,tacita
178 2614 366 2680 invectione.
955 2618 961 2641 ’·

46 2706 53 2769 .’
145 2700 177 2765 b.
198 2697 464 2765 Ceremoniarum
479 2708 669 2766 nostrarum.
691 2710 727 2761 ut
747 2699 892 2764 absolute
908 2700 972 2763 im·
1005 2734 1012 2747 ·

46 2784 186 2873 piarum
207 2796 240 2848 et
257 2784 557 2868 superstitiosarum,
578 2782 736 2848 malitiosa
750 2784 920 2868 rejectione
936 2796 970 2848 et

45 2868 324 2935 ¹condemnatione
335 2893 344 2945 ;
366 2891 406 2932 ne
428 2868 469 2931 ad
489 2882 683 2933 momentum
702 2867 832 2950 quidem
853 2869 913 2933 hac
933 2869 970 2933 iu

47 2958 93 3019 're
117 2953 336 3031 novatoribus,
364 2953 510 3038 exemplo
532 2953 637 3030 Pauli,
658 2975 716 3038 per
736 2955 969 3037 subjectionem

44 3034 247 3115 cedendum,
269 3061 310 3103 ne
331 3038 489 3125 evangelii
504 3038 619 3103 veritas
641 3052 673 3102 et
687 3036 858 3102 christiana
870 3039 972 3103 liber-

46 3136 108 3191 tas
130 3123 336 3209 periclitetur,
361 3124 429 3188 Gal.
451 3125 482 3200 2,
504 3126 532 3188 5.
555 3135 588 3187 et
608 3149 632 3190 c.
655 3123 685 3198 5,
707 3122 736 3187 2.

45 3244 51 3249 ·
102 3284 106 3291 ,
128 3226 260 3290 (Errant
279 3225 365 3305 igitur
379 3223 548 3291 carantana,
566 3224 633 3276 dum
652 3222 680 3274 in
700 3222 861 3276 ceremoniis
878 3222 921 3276 his
938 3223 971 3277 iu

44 3298 160 3365 ‘st-per
176 3307 206 3347 ae
227 3292 328 3347 liberte,
344 3293 508 3347 innovandis
530 3291 706 3346 turbulentas
728 3291 887 3364 tragoedias
903 3308 968 3347 uas
