2250 3772
320 226 372 290 De
395 249 474 291 res.
498 249 616 292 coenae
637 229 777 294 coelesti.
946 229 1009 294 551

91 394 148 460 26.
194 394 301 475 Qualis
324 409 367 460 est
388 400 461 460 nnio
477 399 573 481 panis
590 411 617 461 et
633 401 770 482 corporis
787 396 904 461 Cbristi
916 448 924 483 ,
946 401 1012 464 vini

309 483 413 544 itidem
433 494 460 546 et
482 485 640 566 sanoninis
665 481 800 546 Christi?

184 595 259 661 Non
288 610 335 661 est
371 599 399 663 1.
429 603 714 662 transubstantiatio
752 598 844 683 panis
873 599 906 662 in
938 621 1009 663 cor·

91 704 176 768 pus,
200 693 232 745 et
253 681 317 746 vini
337 682 371 746 in
394 683 582 768 sanguinem
604 682 734 769 Christi,
772 706 847 747 nam
867 683 943 747 unio
966 684 1008 748 ad

91 767 266 832 minimum
288 779 336 830 est
357 768 440 832 inter
460 769 533 833 duc.

184 851 253 916 Nec
286 864 334 916 est
367 855 395 918 2.
429 855 698 917 cortsnbstantiatio
737 853 788 916 vel
816 853 1002 919 commixtio

89 935 362 1020 substantiarum..
412 937 594 1020 Utrobique
630 937 714 1000 enim
744 933 836 1021 panis
869 950 900 1002 et
930 938 1004 1025 vini,

90 1021 242 1107 corporis
264 1033 296 1085 et
316 1022 481 1106 sanguinis
503 1021 680 1085 substantia
701 1033 817 1089 manet.

184 1106 254 1170 Nec
275 1108 304 1170 3.
333 1107 422 1192 parvi
453 1107 617 1190 cujusdam
640 1107 820 1192 corpusculi
842 1108 901 1171 sub
923 1131 1005 1192 pane

86 1190 310 1255 delitescentis
329 1194 465 1256 inclusio.
851 1245 853 1249 .

182 1276 252 1340 Nec
273 1277 303 1342 4.
319 1275 360 1340 ad
380 1299 495 1362 panem
517 1285 572 1338 aut
592 1275 701 1338 vinum
723 1284 813 1337 extra
826 1298 920 1338 usum
933 1299 1006 1341 coe·

86 1383 157 1425 nae
180 1360 289 1424 localis
315 1373 370 1425 aut
390 1360 544 1425 durabilis
566 1361 675 1441 affinio
697 1372 751 1422 ant
772 1363 933 1442 copulatio.

182 1445 252 1509 Nec
273 1445 303 1512 5.
324 1457 372 1509 est
391 1445 482 1532 panis
505 1457 536 1521 et
552 1443 693 1528 corporis
710 1441 830 1507 Christi
844 1448 917 1508 anio
926 1469 1003 1530 per-

86 1531 221 1614 sonalis,
244 1530 346 1614 qualis
370 1542 417 1594 est
438 1529 515 1593 Filii
536 1527 601 1591 Dei
623 1540 654 1592 et
675 1529 828 1614 assumpti
856 1529 1001 1595 hominis.

183 1612 249 1679 Sed
266 1615 403 1699 denique
427 1617 456 1682 6.
482 1624 529 1678 est
549 1617 622 1679 nnio
645 1615 886 1680 sacramentalis.

202 1766 252 1830 27.
296 1765 379 1844 Quid
401 1779 444 1828 est
464 1767 537 1828 nnio
561 1767 620 1833 ista
647 1764 899 1827 sacramentalis?

180 1883 268 1948 Unio
297 1882 532 1947 sacramentalis
562 1880 596 1944 in
625 1903 664 1948 ss.
688 1903 787 1944 coena
808 1891 855 1944 est
873 1904 949 1945 vera
970 1892 1002 1946 et

86 1966 190 2033 realis
212 1967 303 2052 panis
327 1980 358 2032 et
387 1967 527 2052 corporis
550 1964 685 2049 Christi,
713 1966 853 2048 itemque
882 1966 947 2030 vini
969 1977 1001 2030 et

86 2052 260 2137 sanguinis
283 2051 402 2116 Christi
423 2050 621 2135 conjuncti0‚
648 2072 712 2134 qua
739 2072 778 2113 ex
800 2049 999 2115 ordinatione

86 2148 125 2202 et
142 2137 341 2201 institutione
367 2135 486 2202 Christi
507 2136 541 2198 in
561 2157 622 2198 usu
641 2150 673 2198 et
693 2135 850 2199 sumticne
883 2158 907 2202 s.
927 2157 1001 2200 coe-

86 2244 154 2287 nae
192 2246 255 2287 nna
288 2221 532 2285 manducatione
568 2220 787 2284 sacramentali
819 2242 891 2284 cum
918 2243 1001 2306 pane

86 2307 199 2372 editur
219 2329 329 2370 verum
349 2329 463 2391 corpus
486 2304 605 2370 Christi
633 2315 665 2368 et
690 2330 753 2369 nna
775 2304 929 2370 bibitione
951 2328 1002 2370 sa

86 2392 282 2456 eramentali
301 2413 373 2455 cum
393 2392 466 2455 vino
481 2390 602 2455 bibitur
615 2412 708 2453 verus
723 2391 853 2476 sanguis
869 2389 1000 2456 Christi.
1058 2428 1060 2433 ·

163 2509 247 2576 (Dico
267 2514 290 2566 1.
307 2528 375 2564 nera
393 2517 418 2562 et
435 2509 532 2562 realia.
562 2507 634 2571 Quia
651 2508 790 2578 copulatio
807 2527 863 2562 non
880 2507 1002 2579 figurata
1094 2523 1097 2530 ·

88 2585 142 2634 aut
155 2578 217 2631 ime
237 2578 325 2632 inaria
340 2578 398 2631 sive
416 2576 600 2647 phantastica.
632 2578 673 2629 At
691 2578 714 2630 si
734 2577 823 2640 realis,
843 2577 874 2629 E.
888 2583 917 2631 et
928 2578 999 2648 phy—

87 2646 171 2703 sica?
236 2663 272 2700 on
293 2646 425 2718 sequitur.
461 2646 533 2701 Nam
557 2662 613 2698 non
640 2651 723 2699 omne·
747 2645 820 2716 quod
842 2645 929 2715 reale,
959 2652 1001 2700 est

88 2714 248 2787 physicum.
286 2716 360 2771 Unio
386 2713 537 2785 personalis
563 2718 606 2767 est
632 2714 727 2776 realis,
759 2715 808 2767 sed
832 2721 925 2767 tamen
944 2731 1000 2768 nan

87 2784 217 2856 physica.
255 2784 330 2839 Unio
353 2781 558 2837 sacramentalis
580 2787 622 2836 est
637 2783 733 2851 realis,
756 2783 804 2837 sed
828 2788 922 2836 tamen
944 2799 1001 2836 non

88 2853 219 2925 physica,
235 2853 281 2906 vel
298 2852 425 2906 humanis
443 2851 570 2906 sensibus
591 2850 851 2920 comprehensibilis,
871 2851 920 2905 sed
937 2869 998 2921 my·

87 2922 163 2977 stica
184 2926 213 2975 et
236 2921 295 2976 Deo
319 2921 446 2992 cognita,
470 2918 646 2972 nihilominus
665 2925 758 2973 tamen
774 2919 802 2972 vi
814 2919 1000 2976 institutionis

86 2989 195 3046 Christi
212 3005 286 3044 vcra.
317 2989 389 3044 Dico
409 2995 424 3044 2
443 3007 501 3042 etna
519 2989 734 3040 manducatione
753 2997 779 3040 et
790 3007 847 3040 nna
860 2988 998 3041 bibitione.

86 3060 123 3115 Ε.
142 3073 197 3112 nec
213 3058 293 3128 panis
311 3058 403 3112 editur
420 3057 484 3116 sine,
496 3073 609 3125 corpore
624 3055 734 3122 Christi,
752 3073 804 3110 nec
822 3073 921 3125 corpus
938 3057 999 3110 sine

86 3143 178 3201 pane,
195 3143 249 3182 nec
265 3127 360 3180 vinum
376 3127 482 3181 bibitur
498 3126 557 3180 sine
577 3125 719 3205 sanguine,
737 3141 788 3179 nec
806 3124 920 3206 sanguis
940 3124 1000 3180 sinc

86 3197 165 3250 vino.
201 3195 265 3252 Vid.
285 3213 345 3266 sup.
363 3194 535 3266 explicaticn.
553 3191 656 3247 defimt.
674 3209 776 3248 coenae
794 3193 966 3262 dominicae.)
