2250 3772
310 228 362 294 De
380 228 564 293 adoratione
585 227 620 291 in
640 248 767 313 genere.
938 227 1003 293 443

118 397 217 457 (λιι
231 396 349 465 spiritu:
368 394 400 449 Ε.
412 400 441 449 et
452 400 473 449 l.
481 394 651 451 conscientie
659 412 738 465 pura.
767 394 804 449 la
812 395 916 465 spiritu
928 394 1003 449 enim

48 478 168 526 ordre
204 471 258 531 ert,
282 466 389 517 moade
411 464 583 517 conscientia
601 472 627 517 et
638 465 700 531 fide
718 464 830 533 intepro
844 478 943 531 preses
959 464 1002 519 ad

49 540 188 595 Darem
206 532 339 599 diripere.
374 532 411 585 Ia
430 549 514 585 carue
532 533 605 586 em‘m
625 540 697 601 erar,
715 534 766 601 qui
779 532 894 602 pollata
913 540 1003 585 ruente

47 609 234 679 precatur.
261 602 391 657 Anteros.
411 601 448 655 ad
464 600 534 671 Eph.
549 618 573 657 c.
588 607 613 659 6.
631 607 652 658 t.
671 608 695 656 5.
715 606 813 672 pete.
842 599 1000 655 Putasne

51 685 106 731 nne
139 669 287 725 amunte
321 674 347 723 1.
368 671 438 725 Tim.
457 672 485 736 2,
502 678 531 737 8,
555 687 612 725 non
635 669 839 731 contaminatas
858 668 1002 741 sauguine,

55 744 107 799 Ea.
134 740 191 805 1,
214 742 255 795 15.
283 740 286 745 '
314 744 368 795 .et
385 746 486 793 zvara
504 738 594 791 cordis
612 737 838 805 humiliationes
859 738 1001 792 irituccn·

57 807 124 867 trito
162 812 246 871 ete„
263 808 313 861 Pe.
331 812 375 873 51,
392 810 435 862 19.
470 808 507 861 Ire
524 808 655 872 ceritate;
679 807 711 863 Ε.
731 815 759 863 et
780 814 840 863 3.e
875 823 929 877 que
948 805 999 876 hy·

59 871 203 951 pontini.
229 877 302 931 Plus
311 876 457 945 gemitibus
471 893 554 944 pruno
567 876 746 944 sectoribus,
753 877 822 945 plue
830 876 901 944 fleto
915 892 1000 943 quom

62 944 200 1017 affatu,
225 946 376 1013 Aucusts'a.
391 946 477 1014 {epist
500 950 555 999 121.
580 962 603 998 c.
625 952 665 1001 to.
683 953 703 999 t.
717 950 742 1001 2.
759 944 809 1000 col.
824 944 925 999 625.A.
963 943 1002 997 Ire

65 1015 196 1079 Μυίας
214 1012 247 1067 Ε.
265 1019 295 1069 et
307 1020 331 1067 t.
343 1012 449 1093 absque
465 1012 541 1066 inani
556 1013 719 1084 battologia.
749 1013 820 1068 Nam
837 1013 924 1067 cretio
941 1012 1001 1067 sine

66 1093 176 1137 rerum
201 1088 231 1137 et
247 1081 391 1137 verborum
406 1081 557 1147 mtellectu,
577 1082 688 1136 estsine
701 1090 792 1138 mente
806 1098 897 1136 sonus.
927 1080 1001 1139 Vide

69 1150 158 1207 Rom·
193 1152 439 1219 10,14‚·Ea29,
458 1154 498 1203 13.
535 1150 609 1221 Ergo

142 1231 199 1288 Ue
216 1244 267 1290 tua
284 1236 438 1305 pertineat.
455 1243 636 1304 penetratque
656 1236 748 1289 orcts'o
766 1235 865 1300 coelos,

197 1304 290 1359 Corde
306 1305 343 1359 sit
362 1322 395 1359 eu
413 1322 495 1373 poro,
513 1305 551 1357 sit
570 1305 660 1356 brevis
678 1312 762 1372 atque
772 1305 940 1373 frequens.)

78 1438 125 1505 26·
177 1440 224 1504 Ut
257 1440 313 1505 VI.
343 1444 386 1503 de.
408 1443 557 1502 orationis
580 1442 731 1524 ‹arjrsnca'a
754 1452 781 1503 et
802 1444 1000 1505 circumstan-

83 1526 128 1590 tiis
158 1529 301 1589 externis
329 1526 456 1588 brea-iter
485 1548 595 1608 opera,
626 1522 754 1607 quando
782 1536 814 1587 et
835 1546 899 1608 quo
919 1536 1000 1590 tem-

412 1629 490 1693 pore
513 1609 687 1674 orandurrr?

174 1724 278 1792 Omni
298 1737 456 1814 tempore,
483 1728 595 1813 pree.
617 1727 647 1803 6,
672 1726 727 1803 18,
756 1748 896 1812 semper,
921 1728 1000 1794 Luc.

94 1806 139 1883 18,
162 1808 196 1894 1,
217 1810 441 1897 indesinenter,
469 1815 492 1874 1.
517 1811 619 1878 Thess.
643 1812 673 1888 5,
700 1812 745 1895 17,
768 1823 861 1875 nocte
883 1820 915 1875 et
935 1810 998 1889 die,

98 1895 125 1957 1.
144 1890 251 1963 Ttenj
272 1898 303 1973 3,
327 1899 383 1973 10,
408 1896 532 1981 quoties
555 1896 621 1961 scil.
643 1895 814 1960 necessitas
837 1908 945 1961 nostra
966 1896 1001 1959 in

102 1974 146 2039 die
161 1981 376 2045 tribulationis
397 1981 548 2067 exegerit,
569 1983 627 2043 Er.
650 1982 701 2055 26,
726 1981 775 2047 16.
801 1981 848 2044 17.

146 2094 290 2171 fErrorat
314 2097 360 2153 hio
388 2106 408 2155 t.
428 2097 566 2151 Errebitce
590 2106 618 2151 et
634 2096 822 2166 Messalicru',
848 2097 896 2168 qui
923 2096 1000 2152 aliud

107 2154 164 2211 ΙΝ
181 2172 297 2237 egerunt
313 2184 396 2237 quam
416 2174 537 2223 orarunt.
569 2167 744 2234 Aeprutirsos
761 2166 865 2221 haeres.
879 2173 921 2222 57.
940 2174 960 2223 t.
974 2173 999 2223 6.

109 2225 158 2307 eat·
169 2236 206 2291 tt.
217 2236 253 2290 Α
290 2237 350 2289 Neo
368 2238 477 2289 obstaret
495 2234 579 2288 allata
594 2233 752 2288 testimonia
770 2235 805 2289 de
825 2251 939 2305 precum
957 2235 999 2290 in·

9 2342 19 2367 -,
110 2290 254 2375 &tuentia
295 2306 469 2372 Aepuatr'rrus
492 2302 564 2357 enim
590 2303 659 2359 ibid.
688 2302 829 2359 sanissime
853 2321 887 2359 ee
910 2303 1001 2376 accipi

9 2410 12 2441 :
52 2410 55 2415 -
110 2365 156 2427 “is
176 2378 204 2425 ut
227 2373 307 2427 nullo
330 2375 377 2426 die
402 2372 623 2425 intermittantur
643 2380 721 2427 certa
739 2373 845 2426 orandi
863 2382 1000 2445 tempora,

9 2455 16 2485 τ
108 2436 200 2503 wisa
217 2440 330 2513 insuper
347 2440 493 2512 angustiae
519 2458 568 2495 nos
587 2447 697 2495 nostrae
715 2441 754 2520 ad
788 2458 864 2496 roces
882 2441 998 2512 impule-

9 2542 25 2575 μ
106 2504 162 2561 ¹¹¹¹ss-
192 2511 302 2563 Errant
320 2516 344 2565 ·2‚
361 2510 492 2564 monachi
503 2510 686 2572 statonicem,
708 2526 756 2578 qur
768 2459 849 2563 diores
861 2527 912 2580 per
924 2510 999 2564 diem

11 2626 25 2639 .,
104 2564 130 2613 ‘i
144 2582 246 2633 nocem
263 2584 371 2649 septem
389 2585 470 2649 (quas
488 2577 569 2631 horas
589 2586 689 2632 vocant
713 2578 878 2644 canonicas),
896 2576 999 2648 quibus

9 2672 23 2709 ·„
182 2662 210 2701 os
237 2648 382 2717 peregrino
401 2647 531 2701 idiomate
548 2647 676 2701 lectitant
698 2652 726 2701 et
743 2646 905 2708 decantant,
929 2654 957 2701 et
975 2647 999 2701 ai

144 2713 226 2770 uaria
242 2732 277 2771 ec
287 2716 393 2770 rosaria
404 2719 574 2777 (numeratas
586 2715 736 2769 secundum
747 2730 891 2768 numerum
900 2714 998 2784 spbec·

95 2766 212 2907 tta
229 2785 469 2923 eredat}
496 2782 781 2921 attereret
795 2783 999 2907 testea

9 2902 21 2919 ν
110 2898 117 2911 ·
208 2892 215 2915 9
471 2893 478 2919 i
843 2892 851 2907 ‘

9 2944 27 2989 p,
93 2891 134 2961 ωδ
154 2922 290 2977 Bellona.
302 2922 338 2977 de
357 2921 422 2976 bon.
434 2920 537 2991 operib.
555 2921 574 2975 l.
590 2928 610 2976 l.
631 2938 655 2974 c.
668 2926 699 2975 lc
709 2937 766 2989 seq.
785 2927 805 2975 t.
817 2927 839 2975 4.
858 2921 909 2974 col.
923 2926 997 2975 ΗΠ.

9 2990 20 3005 ''
92 2960 280 3045 ⁰¹¹1ntahaeo
306 3007 322 3045 e
347 2989 504 3060 pharisaica
526 2988 720 3060 superstitione
739 2994 813 3055 orta,
834 2987 910 3042 nullo
926 2988 997 3043 inni·

90 3036 186 3113 tunm
202 3059 334 3113 mandato
353 3057 455 3125 divino,
475 3059 523 3112 sed
543 3058 601 3112 sola
618 3055 767 3110 traditione
778 3055 906 3113 bumana
926 3062 999 3111 teste

8 3156 26 3207 ᾖ
89 3096 210 3194 Christo,
237 3128 341 3183 Motm.
360 3131 385 3189 6,
408 3131 429 3180 7.
466 3128 527 3180 Nee
550 3128 655 3193 obstat,
681 3124 756 3195 quod
782 3132 889 3180 veteres
909 3134 998 3181 statas

85 3182 220 3250 trecenti
240 3196 331 3253 horas.
350 3195 513 3250 matutinam
525 3212 587 3249 nem
609 3211 632 3255 e,
654 3192 833 3247 meridianem
846 3199 875 3248 et
886 3211 996 3264 vesper·

83 3240 177 3317 “nam
195 3264 361 3321 babuerunt.
388 3266 471 3318 Idem
487 3264 554 3318 ibid.
605 3270 697 3319 ectum
714 3262 787 3315 enim
805 3262 874 3317 illud
888 3269 997 3318 tantum
