2250 3772
326 520 649 606 APPENDIX
677 523 730 606 11

154 684 220 750 nn
241 680 535 750 Accusamus
556 683 893 753 ccunnssioun.

154 861 207 921 Aa
226 866 340 918 astaco
362 855 511 936 confessio
541 865 589 919 est
610 855 792 941 symbolum
813 853 980 941 publicum

62 879 269 1026 quarundlsm
290 938 494 1003 ecclesiarum
507 937 711 1019 Germaniae,
736 941 777 1007 de
797 938 978 1027 praecipuis

63 1023 234 1112 religionis
256 1023 428 1110 capitibus,
447 1046 487 1088 ex
506 1024 571 1090 D'ei
592 1026 691 1090 verbo
712 1024 926 1112 conscriptum
943 1045 981 1088 ac

64 1110 292 1211 apppohatum,
314 1119 346 1173 et
366 1109 535 1194 Augustae
550 1110 794 1176 Vindelicorum
814 1110 848 1174 in
861 1110 980 1258 Impar.

928 1217 947 1258 a

64 1194 205 1263 comltiis
230 1193 341 1257 carolo
362 1195 394 1257 V
410 1193 460 1257 Im
485 1246 491 1261 .
515 1194 701 1272 exhibitum,
722 1196 764 1259 ad
785 1194 906 1259 redden
947 1215 981 1257 m

64 1281 145 1347 fidei
177 1278 334 1343 rationem
372 1288 404 1344 et
435 1217 689 1344 selversariorum
727 1279 900 1344 calumnias
929 1300 980 1343 re·

64 1364 232 1432 fallendas.

137 1483 317 1553 (Argustana
343 1478 444 1534 dicitur
466 1498 483 1535 a
504 1480 632 1552 subjecto
649 1481 727 1550 loco,
749 1481 815 1552 quia
834 1481 861 1534 A
921 1491 982 1537 stae

65 1551 278 1611 vindelicorum
298 1546 368 1618 Imp.
388 1548 487 1604 carolo
500 1549 529 1606 V
547 1549 670 1605 exhibita
688 1566 761 1605 anno
777 1556 851 1607 1530.
893 1550 980 1609 .·lun.

66 1628 118 1686 25,
138 1619 187 1692 qui
203 1619 258 1673 fait
275 1616 334 1671 dies
353 1618 497 1682 sabbathi,
519 1619 569 1674 ubi
588 1619 664 1674 clare
679 1618 735 1673 fuit
750 1619 893 1689 praelecta
910 1637 928 1674 a
942 1619 979 1675 D.

67 1689 226 1747 Christiano
246 1687 351 1756 Beyer,
370 1685 460 1742 Elect.
478 1686 578 1743 Saxon.
597 1687 782 1756 cancellario,
800 1687 912 1742 circiter
931 1689 980 1744 ho·

64 1776 129 1815 ram
142 1757 253 1813 tertiam
272 1755 498 1825 pomeridianam,
515 1757 545 1812 in
562 1756 666 1826 palatio
678 1755 805 1811 Caesaris
823 1757 904 1812 aulae
921 1757 980 1827 epi·

68 1826 150 1898 scopi
166 1823 335 1896 Augustani.
366 1823 468 1880 Postea
486 1825 645 1896 germanice
663 1831 692 1878 st
709 1824 796 1880 latine
813 1826 979 1895 conscripta,

65 1903 96 1954 et
120 1894 278 1966 principum
305 1909 338 1947 ac
359 1893 514 2014 lepatorum
536 1893 680 1948 civitatum
704 1909 790 1974 manu
808 1893 980 1974 subsignata,

30 1998 33 2005 ’
65 1961 980 2112 tat·ittmalathitae,tt-ttlttthmttt

66 2105 92 2159 is
109 2101 235 2158 traderet
248 2099 370 2154 Electon
380 2099 427 2154 Mo
468 2106 554 2166 ntrno,
574 2098 688 2169 Imperu
700 2098 881 2156 eanceuario.
911 2099 980 2155 Gae-

66 2189 115 2228 sar
137 2176 231 2226 autem
253 2184 338 2222 manu
362 2117 553 2223 ocellorum
576 2169 718 2239 exemplar
742 2169 927 2239 apprehendit
953 2175 982 2224 et

67 2241 106 2297 ad
125 2257 156 2296 se
174 2237 288 2308 recepit
318 2236 449 2295 Slea'daa.
468 2237 551 2293 liba.
581 2238 696 2292 Lother.
714 2243 773 2294 ts.
790 2236 980 2307 Jan.f01.aa)
1071 2299 1073 2304 Ι

153 2340 295 2404 Antores
316 2338 525 2405 confessionis
544 2338 641 2426 hujus
663 2351 738 2405 sunt
759 2341 887 2407 ordines
909 2344 980 2428 qui-

64 2428 143 2493 dam
162 2423 299 2510 imperii.

152 2524 381 2602 1.Johannes,
403 2524 482 2588 Dux
501 2523 621 2591 Saxeus
643 2524 783 2593 Elector.

151 2614 182 2678 2.
205 2609 380 2696 Georgius,
401 2609 549 2674 Marchio
570 2609 884 2698 Brandenburgicus.

151 2697 368 2773 aramenus,
390 2693 467 2758 Dux
488 2693 763 2780 Luneburgensis.

150 2783 182 2847 4.
204 2780 291 2845 Phili
314 2801 385 2864 pus,
406 2778 632 2866 Landgravius
653 2781 843 2849 Hassorum.

150 2868 181 2934 5.
202 2865 278 2932 Joh.
292 2803 496 2949 Pfridericus,
516 2865 594 2929 Dux
618 2863 789 2930 Saxoniae.

149 2952 180 3018 6.
202 2949 402 3034 Franciecus‚
424 2948 503 3014 Dux
521 2949 797 3034 Luneburgensis.

151 3037 180 3102 7.
203 3034 371 3120 Wolffgan
418 3057 444 3112 s,
466 3034 622 3118 Princeps
644 3033 684 3098 de
706 3033 839 3102 Anhnlt.

150 3122 180 3187 8.
203 3117 341 3186 Senatus
395 3118 535 3184 orimber
558 3118 657 3196 ensis;
679 3129 712 3184 et

150 3207 179 3272 9.
201 3203 451 3290 Reutlingensis,
473 3203 508 3268 in
528 3141 659 3270 bucata
681 3202 912 3289 Wiirtenberg.
