2250 3772
241 306 244 311 ,
268 235 322 301 De
343 232 586 307 manducatione
606 229 819 316 indignorum.
934 226 999 295 577

88 402 143 470 56.
190 405 255 470 sed
274 425 354 467 cane
375 425 479 466 omnea
505 413 534 465 et
553 400 681 485 macuti,
708 402 762 485 qai
789 421 883 463 cocao
902 400 1000 465 doma

131 490 204 553 nica
222 499 366 570 utantur,
395 487 503 634 toroge
515 487 678 632 fgactpum
693 486 866 571 particapea
887 485 958 547 red·

494 588 538 634 aaa
554 592 608 633 ur.

176 671 376 756 Neata'quam.
407 669 680 756 Distinguendum
703 668 788 735 enim
808 667 860 732 bic
881 680 929 732 est
950 666 999 733 in-

87 766 140 859 ter
167 779 261 821 usum
289 778 408 822 coenae
437 767 620 833 externum,
650 766 682 820 et
710 752 907 840 spiritualem
931 753 998 818 sive

87 853 258 907 mternum.

87 994 142 1064 67.
168 992 264 1073 Quem
283 1016 377 1057 cocao
397 1016 487 1057 asam
503 1015 613 1057 coenae
626 993 796 1057 dominicae
811 989 1001 1056 externum?

130 1160 145 1175 .‚
176 1095 352 1158 Externam
377 1091 564 1158 sacramenti
591 1090 764 1169 actionem,
792 1091 826 1156 in
850 1114 915 1176 qua
933 1114 999 1156 non

87 1178 197 1244 solum
226 1178 318 1265 panis
349 1189 382 1244 et
406 1177 531 1255 vinum,
564 1176 739 1240 secundum
769 1176 1000 1241 institutionem

87 1260 222 1341 Christi,
242 1274 475 1341 consecrantur,
496 1262 634 1327 eduntur
654 1273 685 1325 et
704 1260 868 1339 bibuntur,
889 1283 1000 1327 verum

87 1348 190 1415 etiam
218 1371 283 1413 una
312 1348 487 1432 eademque
512 1345 756 1411 manducatione
784 1357 817 1412 et
844 1345 1000 1412 bibitione

87 1456 203 1499 verum
228 1455 342 1519 corpus
366 1432 487 1501 Christi
507 1431 732 1508 manducatur,
760 1442 792 1495 et
812 1453 905 1497 verus
927 1454 1000 1496 san-

86 1518 165 1607 guis
186 1516 306 1583 Christi
326 1540 399 1583 cum
420 1518 494 1583 vino
516 1516 786 1581 sacramentaliter
806 1516 935 1581 bibitur.

133 1686 201 1753 ΒΕ
229 1686 335 1753 MAN
337 1683 612 1768 DUCATIONE
639 1683 957 1752 INDIGNORUM.

86 1822 145 1891 58.
195 1822 247 1887 Sto
278 1824 372 1909 ipitar
407 1843 509 1886 omaea
538 1823 715 1904 promiscae
748 1823 1001 1886 communicante

125 1931 203 1972 casua
224 1911 313 1973 iatius
334 1909 452 1973 exterat
472 1928 580 2054 wne
602 1907 769 2051 dpmiaicoe
784 1908 956 1991 porticapee

445 2013 479 2055 re
544 2001 616 2055 atur

177 2095 362 2159 Redduatar
382 2094 493 2177 atique.
530 2087 694 2175 Quicquid
712 2111 850 2174 namque
868 2088 911 2153 ad
923 2088 1003 2153 sub·

86 2176 242 2244 stantiam
268 2175 457 2241 sacramenti
487 2175 640 2261 pertinet,
674 2174 715 2239 ab
752 2174 900 2239 omnibus
925 2195 1002 2262 pro·

87 2263 308 2346 misenatem
329 2260 480 2347 indignis,
501 2282 598 2344 quam
619 2258 724 2345 dignis
746 2260 928 2345 percipitur.

163 2362 222 2428 (Ad
237 2361 420 2417 substantiam
444 2366 536 2415 autem
555 2360 720 2415 sacramenti
736 2377 793 2414 non
809 2365 918 2415 tantum
935 2376 998 2430 per·

86 2434 183 2490 tinent
200 2447 245 2486 res
261 2437 387 2485 terrenae
405 2429 496 2510 (panis
514 2435 543 2484 et
559 2428 673 2510 uinum),
690 2428 740 2483 sed
758 2434 787 2509 et
803 2429 921 2484 maxime
939 2445 1002 2483 coe·

88 2503 178 2559 lestes
195 2503 306 2581 (eorpus
328 2505 357 2555 et
375 2514 488 2569 sanguls
506 2497 628 2578 Chusa),
647 2515 705 2552 eme
724 2498 826 2569 qulbus
845 2512 1002 2551 sacramen·

86 2576 153 2627 tum
170 2568 330 2645 nequidem
346 2583 405 2623 esse
422 2572 521 2637 potest.
542 2565 606 2623 Vrd.
625 2584 686 2647 sup.
700 2566 816 2647 demat:
831 2582 907 2621 coen.
933 2564 1000 2645 Qui·

87 2653 288 2767 mpieffip
301 2640 477 2771 pregnapruepto
496 2640 620 2704 utuntur,
638 2634 681 2709 hrp
698 2651 765 2706 rpsrs
779 2638 862 2707 etlam
874 2632 1001 2705 partrbus

235 2824 287 2889 59.
335 2823 469 2904 Quium
490 2826 689 2887 nominantur
709 2821 853 2908 iadiqai?

179 2924 247 3006 Qui
269 2922 619 2996 verbisinstitutionis:
647 2922 738 3002 Quod
752 2947 813 3011 pro
834 2925 918 2988 vobio
933 2934 1001 2987 tra·

91 3014 181 3079 aar
201 3013 234 3074 ia
257 3011 465 3074 remissionem
478 3021 685 3094 peccatoram,
706 3030 771 3072 non
791 3007 924 3072 credunt
945 3016 1002 3071 aut

88 3094 258 3173 dubitant,
296 3093 350 3158 isti
389 3104 464 3158 sunt
500 3092 625 3178 indigni
660 3101 692 3157 et
727 3092 888 3177 imparati,
925 3091 1003 3175 quia

90 3180 227 3247 verbum
256 3202 317 3264 pro
354 3181 439 3243 cobis
477 3177 610 3262 requirit
645 3176 774 3242 omnino
806 3177 903 3242 corda
933 3198 1004 3242 cre·

88 3265 208 3332 dantia.

810 3367 836 3412 a
