<?xml version="1.0" encoding="UTF-8"?>
<!DOCTYPE html PUBLIC "-//W3C//DTD XHTML 1.0 Transitional//EN"
    "http://www.w3.org/TR/xhtml1/DTD/xhtml1-transitional.dtd">
<html xmlns="http://www.w3.org/1999/xhtml" xml:lang="en" lang="en">
 <head>
  <title>
</title>
<meta http-equiv="Content-Type" content="text/html;charset=utf-8" />
  <meta name='ocr-system' content='tesseract 3.04.00' />
  <meta name='ocr-capabilities' content='ocr_page ocr_carea ocr_par ocr_line ocrx_word'/>
</head>
<body>
  <div class='ocr_page' id='page_1' title='image "./dconradidieteri00dietgoog_0334.png"; bbox 0 0 2250 3772; ppageno 0'>
   <div class='ocr_carea' id='block_1_1' title="bbox 298 264 945 359">
    <p class='ocr_par' dir='ltr' id='par_1_1' title="bbox 298 264 945 359">
     <span class='ocr_line' id='line_1_1' title="bbox 298 264 945 359; baseline 0.006 -28"><span class='ocrx_word' id='word_1_1' title='bbox 298 264 350 332; x_wconf 91' lang='lat' dir='ltr'><strong>De</strong></span> <span class='ocrx_word' id='word_1_2' title='bbox 369 274 454 331; x_wconf 88' lang='lat' dir='ltr'><strong>statu</strong></span> <span class='ocrx_word' id='word_1_3' title='bbox 475 265 685 359; x_wconf 80' lang='lat' dir='ltr'><strong>exaltationis.</strong></span> <span class='ocrx_word' id='word_1_4' title='bbox 881 266 945 335; x_wconf 84' lang='lat'><strong>301</strong></span> 
     </span>
    </p>
   </div>
   <div class='ocr_carea' id='block_1_2' title="bbox 85 432 951 1193">
    <p class='ocr_par' dir='ltr' id='par_1_2' title="bbox 85 432 951 1193">
     <span class='ocr_line' id='line_1_2' title="bbox 111 432 949 505; baseline 0.002 -17"><span class='ocrx_word' id='word_1_5' title='bbox 111 433 229 495; x_wconf 83' lang='lat' dir='ltr'><strong>(Dicitur</strong></span> <span class='ocrx_word' id='word_1_6' title='bbox 247 434 317 489; x_wconf 82' lang='lat' dir='ltr'><strong>elias</strong></span> <span class='ocrx_word' id='word_1_7' title='bbox 332 440 423 487; x_wconf 83' lang='lat' dir='ltr'><strong>status</strong></span> <span class='ocrx_word' id='word_1_8' title='bbox 440 432 611 502; x_wconf 80' lang='lat' dir='ltr'><strong>majestatis,</strong></span> <span class='ocrx_word' id='word_1_9' title='bbox 635 450 691 488; x_wconf 89' lang='lat' dir='ltr'><strong>non</strong></span> <span class='ocrx_word' id='word_1_10' title='bbox 710 434 786 504; x_wconf 90' lang='lat' dir='ltr'><strong>quod</strong></span> <span class='ocrx_word' id='word_1_11' title='bbox 808 451 860 505; x_wconf 86' lang='lat' dir='ltr'><strong>per</strong></span> <span class='ocrx_word' id='word_1_12' title='bbox 874 434 949 491; x_wconf 81' lang='lat' dir='ltr'><strong>hane</strong></span> 
     </span>
     <span class='ocr_line' id='line_1_3' title="bbox 85 500 948 574; baseline 0.002 -17"><span class='ocrx_word' id='word_1_13' title='bbox 85 500 235 558; x_wconf 77' lang='lat' dir='ltr'><strong>allationem</strong></span> <span class='ocrx_word' id='word_1_14' title='bbox 255 519 355 557; x_wconf 87' lang='lat' dir='ltr'><strong>novam</strong></span> <span class='ocrx_word' id='word_1_15' title='bbox 373 503 496 574; x_wconf 78' lang='lat' dir='ltr'><strong>aliquam</strong></span> <span class='ocrx_word' id='word_1_16' title='bbox 513 503 651 566; x_wconf 85' lang='lat' dir='ltr'><strong>virtutem,</strong></span> <span class='ocrx_word' id='word_1_17' title='bbox 669 504 822 572; x_wconf 83' lang='lat' dir='ltr'><strong>potentiam</strong></span> <span class='ocrx_word' id='word_1_18' title='bbox 836 520 870 558; x_wconf 87' lang='lat' dir='ltr'><strong>ac</strong></span> <span class='ocrx_word' id='word_1_19' title='bbox 890 522 948 559; x_wconf 88' lang='lat' dir='ltr'><strong>ma·</strong></span> 
     </span>
     <span class='ocr_line' id='line_1_4' title="bbox 85 571 948 641; baseline 0.001 -14"><span class='ocrx_word' id='word_1_20' title='bbox 85 575 182 639; x_wconf 69' lang='lat' dir='ltr'><strong>saum,</strong></span> <span class='ocrx_word' id='word_1_21' title='bbox 201 588 285 641; x_wconf 85' lang='lat' dir='ltr'><strong>quam</strong></span> <span class='ocrx_word' id='word_1_22' title='bbox 304 577 388 626; x_wconf 86' lang='lat' dir='ltr'><strong>antea</strong></span> <span class='ocrx_word' id='word_1_23' title='bbox 407 589 461 625; x_wconf 88' lang='lat' dir='ltr'><strong>non</strong></span> <span class='ocrx_word' id='word_1_24' title='bbox 478 571 620 640; x_wconf 86' lang='lat' dir='ltr'><strong>habuerit,</strong></span> <span class='ocrx_word' id='word_1_25' title='bbox 638 571 764 626; x_wconf 83' lang='lat' dir='ltr'><strong>Christus</strong></span> <span class='ocrx_word' id='word_1_26' title='bbox 782 581 948 628; x_wconf 86' lang='lat' dir='ltr'><strong>consecutus</strong></span> 
     </span>
     <span class='ocr_line' id='line_1_5' title="bbox 85 639 949 711; baseline 0.001 -15"><span class='ocrx_word' id='word_1_27' title='bbox 85 639 140 708; x_wconf 78' lang='lat' dir='ltr'><strong>ierit,</strong></span> <span class='ocrx_word' id='word_1_28' title='bbox 155 640 204 695; x_wconf 88' lang='lat' dir='ltr'><strong>sed</strong></span> <span class='ocrx_word' id='word_1_29' title='bbox 219 640 295 711; x_wconf 91' lang='lat' dir='ltr'><strong>quod</strong></span> <span class='ocrx_word' id='word_1_30' title='bbox 306 639 431 696; x_wconf 84' lang='lat' dir='ltr'><strong>infinitae</strong></span> <span class='ocrx_word' id='word_1_31' title='bbox 443 641 516 694; x_wconf 92' lang='lat' dir='ltr'><strong>illius</strong></span> <span class='ocrx_word' id='word_1_32' title='bbox 528 640 690 709; x_wconf 78' lang='lat' dir='ltr'><strong>majestatis,</strong></span> <span class='ocrx_word' id='word_1_33' title='bbox 709 658 793 711; x_wconf 85' lang='lat' dir='ltr'><strong>quam</strong></span> <span class='ocrx_word' id='word_1_34' title='bbox 805 659 855 710; x_wconf 89' lang='lat' dir='ltr'><strong>per</strong></span> <span class='ocrx_word' id='word_1_35' title='bbox 870 643 949 697; x_wconf 93' lang='lat' dir='ltr'><strong>unio·</strong></span> 
     </span>
     <span class='ocr_line' id='line_1_6' title="bbox 85 708 948 790; baseline 0.002 -27"><span class='ocrx_word' id='word_1_36' title='bbox 85 711 100 763; x_wconf 84' lang='lat' dir='ltr'><strong>is</strong></span> <span class='ocrx_word' id='word_1_37' title='bbox 110 710 219 790; x_wconf 67' lang='lat' dir='ltr'><strong>gretiam</strong></span> <span class='ocrx_word' id='word_1_38' title='bbox 237 708 350 775; x_wconf 82' lang='lat' dir='ltr'><strong>habuit,</strong></span> <span class='ocrx_word' id='word_1_39' title='bbox 374 709 402 763; x_wconf 93' lang='lat' dir='ltr'><strong>in</strong></span> <span class='ocrx_word' id='word_1_40' title='bbox 420 709 509 764; x_wconf 81' lang='lat' dir='ltr'><strong>forma</strong></span> <span class='ocrx_word' id='word_1_41' title='bbox 526 717 619 763; x_wconf 83' lang='lat' dir='ltr'><strong>autern</strong></span> <span class='ocrx_word' id='word_1_42' title='bbox 638 709 710 763; x_wconf 84' lang='lat' dir='ltr'><strong>servi</strong></span> <span class='ocrx_word' id='word_1_43' title='bbox 729 709 781 763; x_wconf 90' lang='lat' dir='ltr'><strong>sub</strong></span> <span class='ocrx_word' id='word_1_44' title='bbox 800 717 875 764; x_wconf 86' lang='lat' dir='ltr'><strong>statu</strong></span> <span class='ocrx_word' id='word_1_45' title='bbox 892 711 948 765; x_wconf 85' lang='lat' dir='ltr'><strong>exi-</strong></span> 
     </span>
     <span class='ocr_line' id='line_1_7' title="bbox 85 777 951 848; baseline 0.001 -15"><span class='ocrx_word' id='word_1_46' title='bbox 85 778 188 833; x_wconf 81' lang='lat' dir='ltr'><strong>tmtionis</strong></span> <span class='ocrx_word' id='word_1_47' title='bbox 202 778 361 843; x_wconf 72' lang='lat' dir='ltr'><strong>occultavit,</strong></span> <span class='ocrx_word' id='word_1_48' title='bbox 380 777 533 847; x_wconf 76' lang='lat' dir='ltr'>plenariam</span> <span class='ocrx_word' id='word_1_49' title='bbox 551 794 600 846; x_wconf 89' lang='lat' dir='ltr'><strong>per</strong></span> <span class='ocrx_word' id='word_1_50' title='bbox 613 779 729 832; x_wconf 85' lang='lat' dir='ltr'><strong>eandem</strong></span> <span class='ocrx_word' id='word_1_51' title='bbox 741 779 951 848; x_wconf 80' lang='lat' dir='ltr'><strong>usurpationem</strong></span> 
     </span>
     <span class='ocr_line' id='line_1_8' title="bbox 85 846 950 927; baseline 0.001 -25"><span class='ocrx_word' id='word_1_52' title='bbox 85 847 191 916; x_wconf 74' lang='lat' dir='ltr'><strong>eoeperit,</strong></span> <span class='ocrx_word' id='word_1_53' title='bbox 209 862 282 927; x_wconf 81' lang='lat' dir='ltr'><strong>quae</strong></span> <span class='ocrx_word' id='word_1_54' title='bbox 298 846 407 902; x_wconf 82' lang='lat' dir='ltr'><strong>efficaci</strong></span> <span class='ocrx_word' id='word_1_55' title='bbox 424 846 549 916; x_wconf 83' lang='lat' dir='ltr'><strong>petentia</strong></span> <span class='ocrx_word' id='word_1_56' title='bbox 565 846 594 899; x_wconf 92' lang='lat' dir='ltr'><strong>in</strong></span> <span class='ocrx_word' id='word_1_57' title='bbox 611 864 702 901; x_wconf 90' lang='lat' dir='ltr'><strong>rerum</strong></span> <span class='ocrx_word' id='word_1_58' title='bbox 720 847 843 900; x_wconf 87' lang='lat' dir='ltr'><strong>omniutn</strong></span> <span class='ocrx_word' id='word_1_59' title='bbox 863 848 950 903; x_wconf 90' lang='lat' dir='ltr'><strong>domi·</strong></span> 
     </span>
     <span class='ocr_line' id='line_1_9' title="bbox 85 914 951 986; baseline 0.002 -16"><span class='ocrx_word' id='word_1_60' title='bbox 85 914 140 970; x_wconf 87' lang='lat' dir='ltr'><strong>iose</strong></span> <span class='ocrx_word' id='word_1_61' title='bbox 152 916 310 986; x_wconf 80' lang='lat' dir='ltr'><strong>plenissime</strong></span> <span class='ocrx_word' id='word_1_62' title='bbox 330 921 464 970; x_wconf 84' lang='lat' dir='ltr'><strong>exerceat</strong></span> <span class='ocrx_word' id='word_1_63' title='bbox 501 914 555 978; x_wconf 82' lang='lat' dir='ltr'><strong>Qui</strong></span> <span class='ocrx_word' id='word_1_64' title='bbox 572 932 639 985; x_wconf 88' lang='lat' dir='ltr'><strong>ergo</strong></span> <span class='ocrx_word' id='word_1_65' title='bbox 663 915 857 970; x_wconf 76' lang='lat' dir='ltr'><strong>exaltationem</strong></span> <span class='ocrx_word' id='word_1_66' title='bbox 877 916 951 972; x_wconf 85' lang='lat' dir='ltr'><strong>hano</strong></span> 
     </span>
     <span class='ocr_line' id='line_1_10' title="bbox 85 983 951 1055; baseline 0.001 -17"><span class='ocrx_word' id='word_1_67' title='bbox 85 983 141 1038; x_wconf 82' lang='lat' dir='ltr'><strong>niani</strong></span> <span class='ocrx_word' id='word_1_68' title='bbox 155 984 294 1055; x_wconf 84' lang='lat' dir='ltr'><strong>personali</strong></span> <span class='ocrx_word' id='word_1_69' title='bbox 312 984 351 1039; x_wconf 90' lang='lat' dir='ltr'><strong>sic</strong></span> <span class='ocrx_word' id='word_1_70' title='bbox 371 989 526 1054; x_wconf 88' lang='lat' dir='ltr'><strong>opponunt,</strong></span> <span class='ocrx_word' id='word_1_71' title='bbox 552 993 584 1036; x_wconf 89' lang='lat' dir='ltr'><strong>ut</strong></span> <span class='ocrx_word' id='word_1_72' title='bbox 601 1000 635 1038; x_wconf 85' lang='lat' dir='ltr'><strong>ex</strong></span> <span class='ocrx_word' id='word_1_73' title='bbox 653 983 708 1036; x_wconf 85' lang='lat' dir='ltr'><strong>ists</strong></span> <span class='ocrx_word' id='word_1_74' title='bbox 725 985 951 1040; x_wconf 82' lang='lat' dir='ltr'><strong>communicatio·</strong></span> 
     </span>
     <span class='ocr_line' id='line_1_11' title="bbox 87 1051 951 1124; baseline 0.002 -17"><span class='ocrx_word' id='word_1_75' title='bbox 87 1068 119 1107; x_wconf 84' lang='lat' dir='ltr'><strong>en</strong></span> <span class='ocrx_word' id='word_1_76' title='bbox 133 1053 282 1124; x_wconf 83' lang='lat' dir='ltr'><strong>majestatis</strong></span> <span class='ocrx_word' id='word_1_77' title='bbox 302 1059 442 1121; x_wconf 83' lang='lat' dir='ltr'><strong>evertant,</strong></span> <span class='ocrx_word' id='word_1_78' title='bbox 464 1051 608 1121; x_wconf 86' lang='lat' dir='ltr'><strong>pueriliter</strong></span> <span class='ocrx_word' id='word_1_79' title='bbox 630 1051 736 1107; x_wconf 82' lang='lat' dir='ltr'><strong>elench.</strong></span> <span class='ocrx_word' id='word_1_80' title='bbox 761 1054 951 1123; x_wconf 86' lang='lat' dir='ltr'><strong>oppositorum</strong></span> 
     </span>
     <span class='ocr_line' id='line_1_12' title="bbox 85 1120 813 1193; baseline -0.001 -17"><span class='ocrx_word' id='word_1_81' title='bbox 85 1120 153 1176; x_wconf 80' lang='lat' dir='ltr'><strong>ant</strong></span> <span class='ocrx_word' id='word_1_82' title='bbox 186 1121 375 1178; x_wconf 85' lang='lat' dir='ltr'><strong>Subordinata</strong></span> <span class='ocrx_word' id='word_1_83' title='bbox 390 1138 511 1193; x_wconf 84' lang='lat' dir='ltr'><strong>namque</strong></span> <span class='ocrx_word' id='word_1_84' title='bbox 527 1138 557 1175; x_wconf 90' lang='lat' dir='ltr'><strong>se</strong></span> <span class='ocrx_word' id='word_1_85' title='bbox 574 1137 630 1174; x_wconf 93' lang='lat' dir='ltr'><strong>non</strong></span> <span class='ocrx_word' id='word_1_86' title='bbox 649 1121 813 1190; x_wconf 89' lang='lat' dir='ltr'><strong>destruunt.)</strong></span> 
     </span>
    </p>
   </div>
   <div class='ocr_carea' id='block_1_3' title="bbox 93 1242 929 1412">
    <p class='ocr_par' dir='ltr' id='par_1_3' title="bbox 93 1242 929 1412">
     <span class='ocr_line' id='line_1_13' title="bbox 93 1242 929 1328; baseline 0 -17"><span class='ocrx_word' id='word_1_87' title='bbox 93 1242 116 1311; x_wconf 69' lang='lat'>2</span> <span class='ocrx_word' id='word_1_88' title='bbox 141 1245 253 1324; x_wconf 78' lang='lat' dir='ltr'><strong>Quibus</strong></span> <span class='ocrx_word' id='word_1_89' title='bbox 275 1245 413 1315; x_wconf 65' lang='lat' dir='ltr'><strong>articulis</strong></span> <span class='ocrx_word' id='word_1_90' title='bbox 435 1245 564 1327; x_wconf 79' lang='lat' dir='ltr'><strong>symboli</strong></span> <span class='ocrx_word' id='word_1_91' title='bbox 582 1245 742 1328; x_wconf 80' lang='lat' dir='ltr'><strong>apostolici</strong></span> <span class='ocrx_word' id='word_1_92' title='bbox 762 1259 859 1310; x_wconf 79' lang='lat' dir='ltr'><strong>status</strong></span> <span class='ocrx_word' id='word_1_93' title='bbox 880 1248 929 1312; x_wconf 75' lang='lat' dir='ltr'><strong>ta</strong></span> 
     </span>
     <span class='ocr_line' id='line_1_14' title="bbox 286 1328 706 1412; baseline -0.007 -19"><span class='ocrx_word' id='word_1_94' title='bbox 286 1331 479 1393; x_wconf 58' lang='lat' dir='ltr'><strong>scotationis</strong></span> <span class='ocrx_word' id='word_1_95' title='bbox 501 1328 706 1412; x_wconf 74' lang='lat' dir='ltr'><strong>eaprimitur?</strong></span> 
     </span>
    </p>
   </div>
   <div class='ocr_carea' id='block_1_4' title="bbox 132 1445 950 1732">
    <p class='ocr_par' dir='ltr' id='par_1_4' title="bbox 132 1445 950 1732">
     <span class='ocr_line' id='line_1_15' title="bbox 132 1445 754 1515; baseline -0.008 -1"><span class='ocrx_word' id='word_1_96' title='bbox 132 1446 157 1515; x_wconf 80' lang='lat'><strong>5.</strong></span> <span class='ocrx_word' id='word_1_97' title='bbox 176 1446 286 1512; x_wconf 85' lang='lat' dir='ltr'><strong>Tertia</strong></span> <span class='ocrx_word' id='word_1_98' title='bbox 307 1445 358 1510; x_wconf 90' lang='lat' dir='ltr'><strong>die</strong></span> <span class='ocrx_word' id='word_1_99' title='bbox 380 1445 552 1509; x_wconf 84' lang='lat' dir='ltr'><strong>resurrexit</strong></span> <span class='ocrx_word' id='word_1_100' title='bbox 572 1469 591 1508; x_wconf 88' lang='lat' dir='ltr'><strong>a</strong></span> <span class='ocrx_word' id='word_1_101' title='bbox 613 1446 754 1509; x_wconf 79' lang='lat' dir='ltr'><strong>mortuis.</strong></span> 
     </span>
     <span class='ocr_line' id='line_1_16' title="bbox 133 1547 950 1623; baseline 0.006 -10"><span class='ocrx_word' id='word_1_102' title='bbox 133 1548 157 1613; x_wconf 82' lang='lat'><strong>6.</strong></span> <span class='ocrx_word' id='word_1_103' title='bbox 177 1548 334 1613; x_wconf 77' lang='lat' dir='ltr'><strong>Ascendit</strong></span> <span class='ocrx_word' id='word_1_104' title='bbox 348 1548 388 1610; x_wconf 86' lang='lat' dir='ltr'><strong>ad</strong></span> <span class='ocrx_word' id='word_1_105' title='bbox 402 1547 518 1623; x_wconf 90' lang='lat' dir='ltr'><strong>coelos,</strong></span> <span class='ocrx_word' id='word_1_106' title='bbox 533 1547 622 1611; x_wconf 90' lang='lat' dir='ltr'><strong>sedet</strong></span> <span class='ocrx_word' id='word_1_107' title='bbox 632 1548 673 1610; x_wconf 86' lang='lat' dir='ltr'><strong>ad</strong></span> <span class='ocrx_word' id='word_1_108' title='bbox 685 1549 828 1612; x_wconf 85' lang='lat' dir='ltr'><strong>dextram</strong></span> <span class='ocrx_word' id='word_1_109' title='bbox 834 1550 950 1618; x_wconf 86' lang='lat' dir='ltr'><strong>Patris.</strong></span> 
     </span>
     <span class='ocr_line' id='line_1_17' title="bbox 135 1648 949 1732; baseline 0.006 -19"><span class='ocrx_word' id='word_1_110' title='bbox 135 1649 159 1719; x_wconf 84' lang='lat' dir='ltr'><strong>l.</strong></span> <span class='ocrx_word' id='word_1_111' title='bbox 179 1650 259 1715; x_wconf 92' lang='lat' dir='ltr'><strong>Inde</strong></span> <span class='ocrx_word' id='word_1_112' title='bbox 274 1660 425 1715; x_wconf 84' lang='lat' dir='ltr'><strong>vent-urus</strong></span> <span class='ocrx_word' id='word_1_113' title='bbox 436 1648 735 1732; x_wconf 73' lang='lat' dir='ltr'><strong>estjudicarerivos</strong></span> <span class='ocrx_word' id='word_1_114' title='bbox 747 1673 784 1715; x_wconf 86' lang='lat' dir='ltr'><strong>ac</strong></span> <span class='ocrx_word' id='word_1_115' title='bbox 798 1663 949 1720; x_wconf 91' lang='lat' dir='ltr'><strong>mortuos.</strong></span> 
     </span>
    </p>
   </div>
   <div class='ocr_carea' id='block_1_5' title="bbox 88 1774 937 1855">
    <p class='ocr_par' dir='ltr' id='par_1_5' title="bbox 88 1774 937 1855">
     <span class='ocr_line' id='line_1_18' title="bbox 88 1774 937 1855; baseline 0 -5"><span class='ocrx_word' id='word_1_116' title='bbox 88 1774 110 1844; x_wconf 79' lang='lat'><strong>3·</strong></span> <span class='ocrx_word' id='word_1_117' title='bbox 135 1783 192 1850; x_wconf 62' lang='lat' dir='ltr'><strong>(her</strong></span> <span class='ocrx_word' id='word_1_118' title='bbox 215 1786 353 1855; x_wconf 64' lang='lat' dir='ltr'><strong>Clarium</strong></span> <span class='ocrx_word' id='word_1_119' title='bbox 376 1788 467 1848; x_wconf 80' lang='lat' dir='ltr'><strong>tertia</strong></span> <span class='ocrx_word' id='word_1_120' title='bbox 489 1786 538 1847; x_wconf 81' lang='lat' dir='ltr'><strong>die</strong></span> <span class='ocrx_word' id='word_1_121' title='bbox 560 1809 579 1848; x_wconf 86' lang='lat' dir='ltr'><strong>a</strong></span> <span class='ocrx_word' id='word_1_122' title='bbox 600 1788 729 1848; x_wconf 82' lang='lat' dir='ltr'><strong>rnorluis</strong></span> <span class='ocrx_word' id='word_1_123' title='bbox 748 1788 937 1850; x_wconf 68' lang='lat' dir='ltr'><strong>recurrerit?</strong></span> 
     </span>
    </p>
   </div>
   <div class='ocr_carea' id='block_1_6' title="bbox 86 1884 951 2056">
    <p class='ocr_par' dir='ltr' id='par_1_6' title="bbox 86 1884 951 2056">
     <span class='ocr_line' id='line_1_19' title="bbox 135 1884 951 1972; baseline 0 -21"><span class='ocrx_word' id='word_1_124' title='bbox 135 1884 175 1951; x_wconf 90' lang='lat' dir='ltr'><strong>Ut</strong></span> <span class='ocrx_word' id='word_1_125' title='bbox 200 1887 227 1952; x_wconf 93' lang='lat'><strong>1.</strong></span> <span class='ocrx_word' id='word_1_126' title='bbox 250 1909 307 1972; x_wconf 90' lang='lat' dir='ltr'><strong>per</strong></span> <span class='ocrx_word' id='word_1_127' title='bbox 321 1884 584 1950; x_wconf 79' lang='lat' dir='ltr'><strong>resurrectionem</strong></span> <span class='ocrx_word' id='word_1_128' title='bbox 599 1909 617 1948; x_wconf 88' lang='lat' dir='ltr'><strong>a</strong></span> <span class='ocrx_word' id='word_1_129' title='bbox 632 1885 764 1949; x_wconf 89' lang='lat' dir='ltr'><strong>mortuis</strong></span> <span class='ocrx_word' id='word_1_130' title='bbox 782 1908 815 1949; x_wconf 91' lang='lat' dir='ltr'><strong>se</strong></span> <span class='ocrx_word' id='word_1_131' title='bbox 830 1886 951 1951; x_wconf 88' lang='lat' dir='ltr'><strong>Filium</strong></span> 
     </span>
     <span class='ocr_line' id='line_1_20' title="bbox 86 1960 698 2056; baseline -0.007 -20"><span class='ocrx_word' id='word_1_132' title='bbox 86 1960 120 2029; x_wconf 67' lang='lat' dir='ltr'><strong>iti</strong></span> <span class='ocrx_word' id='word_1_133' title='bbox 134 1981 275 2056; x_wconf 86' lang='lat' dir='ltr'><strong>potenter</strong></span> <span class='ocrx_word' id='word_1_134' title='bbox 294 1970 486 2047; x_wconf 85' lang='lat' dir='ltr'><strong>declararet,</strong></span> <span class='ocrx_word' id='word_1_135' title='bbox 505 1971 596 2034; x_wconf 73' lang='lat' dir='ltr'><strong>Item.</strong></span> <span class='ocrx_word' id='word_1_136' title='bbox 619 1973 647 2046; x_wconf 92' lang='lat'><strong>1,</strong></span> <span class='ocrx_word' id='word_1_137' title='bbox 668 1970 698 2033; x_wconf 85' lang='lat'><strong>4.</strong></span> 
     </span>
    </p>
   </div>
   <div class='ocr_carea' id='block_1_7' title="bbox 86 2086 953 2917">
    <p class='ocr_par' dir='ltr' id='par_1_7' title="bbox 86 2086 953 2917">
     <span class='ocr_line' id='line_1_21' title="bbox 121 2086 951 2157; baseline 0 -15"><span class='ocrx_word' id='word_1_138' title='bbox 121 2086 195 2152; x_wconf 79' lang='lat' dir='ltr'><strong>(Puta</strong></span> <span class='ocrx_word' id='word_1_139' title='bbox 217 2089 254 2144; x_wconf 84' lang='lat' dir='ltr'><strong>ab</strong></span> <span class='ocrx_word' id='word_1_140' title='bbox 278 2088 376 2144; x_wconf 76' lang='lat' dir='ltr'><strong>effecta</strong></span> <span class='ocrx_word' id='word_1_141' title='bbox 392 2103 467 2142; x_wconf 91' lang='lat' dir='ltr'><strong>mere</strong></span> <span class='ocrx_word' id='word_1_142' title='bbox 487 2086 594 2153; x_wconf 81' lang='lat' dir='ltr'><strong>divino,</strong></span> <span class='ocrx_word' id='word_1_143' title='bbox 618 2087 692 2157; x_wconf 90' lang='lat' dir='ltr'><strong>quod</strong></span> <span class='ocrx_word' id='word_1_144' title='bbox 711 2093 753 2141; x_wconf 86' lang='lat' dir='ltr'><strong>est</strong></span> <span class='ocrx_word' id='word_1_145' title='bbox 769 2088 881 2157; x_wconf 80' lang='lat' dir='ltr'><strong>propria</strong></span> <span class='ocrx_word' id='word_1_146' title='bbox 897 2087 951 2142; x_wconf 85' lang='lat' dir='ltr'><strong>vir·</strong></span> 
     </span>
     <span class='ocr_line' id='line_1_22' title="bbox 86 2155 953 2213; baseline 0.002 -4"><span class='ocrx_word' id='word_1_147' title='bbox 86 2157 118 2209; x_wconf 78' lang='lat' dir='ltr'><strong>ue</strong></span> <span class='ocrx_word' id='word_1_148' title='bbox 136 2158 272 2213; x_wconf 84' lang='lat' dir='ltr'><strong>vivificare</strong></span> <span class='ocrx_word' id='word_1_149' title='bbox 295 2166 323 2212; x_wconf 89' lang='lat' dir='ltr'><strong>et</strong></span> <span class='ocrx_word' id='word_1_150' title='bbox 346 2174 380 2212; x_wconf 86' lang='lat' dir='ltr'><strong>ex</strong></span> <span class='ocrx_word' id='word_1_151' title='bbox 404 2157 519 2210; x_wconf 85' lang='lat' dir='ltr'><strong>mortuis</strong></span> <span class='ocrx_word' id='word_1_152' title='bbox 543 2156 670 2210; x_wconf 82' lang='lat' dir='ltr'><strong>excitare.</strong></span> <span class='ocrx_word' id='word_1_153' title='bbox 711 2155 773 2209; x_wconf 87' lang='lat' dir='ltr'><strong>Hoc</strong></span> <span class='ocrx_word' id='word_1_154' title='bbox 800 2157 873 2210; x_wconf 88' lang='lat' dir='ltr'><strong>enim</strong></span> <span class='ocrx_word' id='word_1_155' title='bbox 896 2174 953 2211; x_wconf 91' lang='lat' dir='ltr'><strong>non</strong></span> 
     </span>
     <span class='ocr_line' id='line_1_23' title="bbox 86 2218 953 2294; baseline 0.001 -13"><span class='ocrx_word' id='word_1_156' title='bbox 86 2218 113 2275; x_wconf 73' lang='lat' dir='ltr'><strong>iti</strong></span> <span class='ocrx_word' id='word_1_157' title='bbox 125 2228 202 2282; x_wconf 85' lang='lat' dir='ltr'><strong>solius</strong></span> <span class='ocrx_word' id='word_1_158' title='bbox 219 2227 279 2282; x_wconf 84' lang='lat' dir='ltr'><strong>veri</strong></span> <span class='ocrx_word' id='word_1_159' title='bbox 299 2225 359 2280; x_wconf 90' lang='lat' dir='ltr'><strong>Dei.</strong></span> <span class='ocrx_word' id='word_1_160' title='bbox 388 2226 428 2278; x_wconf 90' lang='lat' dir='ltr'><strong>At</strong></span> <span class='ocrx_word' id='word_1_161' title='bbox 446 2230 611 2294; x_wconf 86' lang='lat' dir='ltr'><strong>potestatem</strong></span> <span class='ocrx_word' id='word_1_162' title='bbox 623 2225 694 2278; x_wconf 85' lang='lat' dir='ltr'><strong>hanc</strong></span> <span class='ocrx_word' id='word_1_163' title='bbox 710 2225 850 2294; x_wconf 86' lang='lat' dir='ltr'><strong>propriam</strong></span> <span class='ocrx_word' id='word_1_164' title='bbox 867 2226 953 2282; x_wconf 82' lang='lat' dir='ltr'><strong>habet</strong></span> 
     </span>
     <span class='ocr_line' id='line_1_24' title="bbox 86 2286 952 2363; baseline 0.005 -16"><span class='ocrx_word' id='word_1_165' title='bbox 86 2286 138 2347; x_wconf 78' lang='lat' dir='ltr'><strong>llius</strong></span> <span class='ocrx_word' id='word_1_166' title='bbox 151 2296 218 2363; x_wconf 81' lang='lat' dir='ltr'><strong>Dei,</strong></span> <span class='ocrx_word' id='word_1_167' title='bbox 241 2296 307 2349; x_wconf 81' lang='lat' dir='ltr'><strong>Joa</strong></span> <span class='ocrx_word' id='word_1_168' title='bbox 326 2298 357 2362; x_wconf 88' lang='lat'><strong>2,</strong></span> <span class='ocrx_word' id='word_1_169' title='bbox 378 2298 420 2349; x_wconf 79' lang='lat'><strong>19.</strong></span> <span class='ocrx_word' id='word_1_170' title='bbox 447 2298 475 2347; x_wconf 74' lang='lat' dir='ltr'><strong>et</strong></span> <span class='ocrx_word' id='word_1_171' title='bbox 497 2297 527 2359; x_wconf 78' lang='lat' dir='ltr'><strong>s,</strong></span> <span class='ocrx_word' id='word_1_172' title='bbox 546 2297 589 2346; x_wconf 83' lang='lat'><strong>21.</strong></span> <span class='ocrx_word' id='word_1_173' title='bbox 608 2300 636 2346; x_wconf 81' lang='lat' dir='ltr'><strong>et</strong></span> <span class='ocrx_word' id='word_1_174' title='bbox 659 2296 707 2360; x_wconf 85' lang='lat'><strong>10,</strong></span> <span class='ocrx_word' id='word_1_175' title='bbox 725 2298 766 2347; x_wconf 77' lang='lat' dir='ltr'><strong>rs.</strong></span> <span class='ocrx_word' id='word_1_176' title='bbox 803 2294 861 2350; x_wconf 84' lang='lat' dir='ltr'><strong>Ubi</strong></span> <span class='ocrx_word' id='word_1_177' title='bbox 880 2296 952 2351; x_wconf 70' lang='lat' dir='ltr'><strong>aiae</strong></span> 
     </span>
     <span class='ocr_line' id='line_1_25' title="bbox 87 2357 951 2434; baseline 0.003 -19"><span class='ocrx_word' id='word_1_178' title='bbox 87 2357 146 2426; x_wconf 74' lang='lat' dir='ltr'><strong>tte,</strong></span> <span class='ocrx_word' id='word_1_179' title='bbox 181 2365 238 2419; x_wconf 94' lang='lat' dir='ltr'><strong>uod</strong></span> <span class='ocrx_word' id='word_1_180' title='bbox 255 2363 339 2418; x_wconf 85' lang='lat' dir='ltr'><strong>Pater</strong></span> <span class='ocrx_word' id='word_1_181' title='bbox 356 2362 457 2415; x_wconf 79' lang='lat' dir='ltr'><strong>Filium</strong></span> <span class='ocrx_word' id='word_1_182' title='bbox 477 2362 577 2415; x_wconf 89' lang='lat' dir='ltr'><strong>dicitur</strong></span> <span class='ocrx_word' id='word_1_183' title='bbox 594 2362 782 2430; x_wconf 82' lang='lat' dir='ltr'><strong>exsuscitasse,</strong></span> <span class='ocrx_word' id='word_1_184' title='bbox 802 2365 908 2432; x_wconf 70' lang='lat' dir='ltr'><strong>Epeos.</strong></span> <span class='ocrx_word' id='word_1_185' title='bbox 928 2371 951 2434; x_wconf 88' lang='lat'><strong>1,</strong></span> 
     </span>
     <span class='ocr_line' id='line_1_26' title="bbox 87 2383 952 2505; baseline 0.001 -17"><span class='ocrx_word' id='word_1_186' title='bbox 87 2430 106 2481; x_wconf 69' lang='grc' dir='ltr'><strong>θ·</strong></span> <span class='ocrx_word' id='word_1_187' title='bbox 127 2383 193 2489; x_wconf 77' lang='lat' dir='ltr'><strong>Vide</strong></span> <span class='ocrx_word' id='word_1_188' title='bbox 207 2434 349 2503; x_wconf 61' lang='lat' dir='ltr'><strong>Stegmaa.</strong></span> <span class='ocrx_word' id='word_1_189' title='bbox 362 2439 446 2486; x_wconf 90' lang='lat' dir='ltr'><strong>contr.</strong></span> <span class='ocrx_word' id='word_1_190' title='bbox 460 2430 570 2486; x_wconf 89' lang='lat' dir='ltr'><strong>Photin.</strong></span> <span class='ocrx_word' id='word_1_191' title='bbox 582 2430 711 2500; x_wconf 85' lang='lat' dir='ltr'><strong>disputat.</strong></span> <span class='ocrx_word' id='word_1_192' title='bbox 734 2438 773 2487; x_wconf 86' lang='grc'><strong>10.</strong></span> <span class='ocrx_word' id='word_1_193' title='bbox 791 2451 818 2502; x_wconf 88' lang='lat' dir='ltr'><strong>p.</strong></span> <span class='ocrx_word' id='word_1_194' title='bbox 833 2440 877 2487; x_wconf 81' lang='grc'><strong>291</strong></span> <span class='ocrx_word' id='word_1_195' title='bbox 895 2450 952 2505; x_wconf 89' lang='lat' dir='ltr'><strong>seq.</strong></span> 
     </span>
     <span class='ocr_line' id='line_1_27' title="bbox 86 2492 952 2570; baseline 0.007 -19"><span class='ocrx_word' id='word_1_196' title='bbox 86 2492 181 2555; x_wconf 78' lang='lat' dir='ltr'><strong>iterim</strong></span> <span class='ocrx_word' id='word_1_197' title='bbox 198 2503 250 2557; x_wconf 91' lang='lat' dir='ltr'><strong>hec</strong></span> <span class='ocrx_word' id='word_1_198' title='bbox 270 2506 383 2570; x_wconf 84' lang='lat' dir='ltr'><strong>propter</strong></span> <span class='ocrx_word' id='word_1_199' title='bbox 404 2517 539 2553; x_wconf 86' lang='lat' dir='ltr'><strong>summam</strong></span> <span class='ocrx_word' id='word_1_200' title='bbox 560 2499 636 2552; x_wconf 83' lang='lat' dir='ltr'><strong>illam</strong></span> <span class='ocrx_word' id='word_1_201' title='bbox 656 2502 792 2555; x_wconf 82' lang='lat' dir='ltr'><strong>essentiae</strong></span> <span class='ocrx_word' id='word_1_202' title='bbox 811 2502 952 2558; x_wconf 85' lang='lat' dir='ltr'><strong>unitatem.</strong></span> 
     </span>
     <span class='ocr_line' id='line_1_28' title="bbox 86 2566 953 2642; baseline -0.003 -16"><span class='ocrx_word' id='word_1_203' title='bbox 86 2566 234 2642; x_wconf 68' lang='lat' dir='ltr'><strong>mumque</strong></span> <span class='ocrx_word' id='word_1_204' title='bbox 253 2570 338 2625; x_wconf 88' lang='lat' dir='ltr'><strong>Pater</strong></span> <span class='ocrx_word' id='word_1_205' title='bbox 355 2569 435 2624; x_wconf 86' lang='lat' dir='ltr'><strong>facit.</strong></span> <span class='ocrx_word' id='word_1_206' title='bbox 461 2569 558 2623; x_wconf 86' lang='lat' dir='ltr'><strong>eadem</strong></span> <span class='ocrx_word' id='word_1_207' title='bbox 579 2574 607 2622; x_wconf 93' lang='lat' dir='ltr'><strong>et</strong></span> <span class='ocrx_word' id='word_1_208' title='bbox 624 2568 712 2621; x_wconf 87' lang='lat' dir='ltr'><strong>Filius</strong></span> <span class='ocrx_word' id='word_1_209' title='bbox 733 2569 858 2623; x_wconf 89' lang='lat' dir='ltr'><strong>similiter</strong></span> <span class='ocrx_word' id='word_1_210' title='bbox 875 2570 953 2634; x_wconf 85' lang='lat' dir='ltr'><strong>fecit,</strong></span> 
     </span>
     <span class='ocr_line' id='line_1_29' title="bbox 86 2631 953 2706; baseline 0.007 -19"><span class='ocrx_word' id='word_1_211' title='bbox 86 2631 120 2689; x_wconf 82' lang='lat' dir='ltr'><strong>&#39;a</strong></span> <span class='ocrx_word' id='word_1_212' title='bbox 135 2645 161 2706; x_wconf 73' lang='grc' dir='ltr'><strong>ὁ,</strong></span> <span class='ocrx_word' id='word_1_213' title='bbox 180 2645 223 2695; x_wconf 85' lang='grc'><strong>19.</strong></span> <span class='ocrx_word' id='word_1_214' title='bbox 267 2639 362 2696; x_wconf 89' lang='lat' dir='ltr'><strong>Unum</strong></span> <span class='ocrx_word' id='word_1_215' title='bbox 385 2645 467 2691; x_wconf 81' lang='lat' dir='ltr'><strong>notu:</strong></span> <span class='ocrx_word' id='word_1_216' title='bbox 494 2637 595 2690; x_wconf 87' lang='lat' dir='ltr'><strong>dicitur</strong></span> <span class='ocrx_word' id='word_1_217' title='bbox 620 2637 744 2691; x_wconf 88' lang='lat' dir='ltr'><strong>Christus</strong></span> <span class='ocrx_word' id='word_1_218' title='bbox 772 2639 953 2693; x_wconf 82' lang='lat' dir='ltr'><strong>resurrexisse</strong></span> 
     </span>
     <span class='ocr_line' id='line_1_30' title="bbox 87 2704 952 2788; baseline 0 -28"><span class='ocrx_word' id='word_1_219' title='bbox 87 2704 191 2780; x_wconf 57' lang='lat' dir='ltr'><strong>ltiodie,</strong></span> <span class='ocrx_word' id='word_1_220' title='bbox 212 2725 269 2762; x_wconf 91' lang='lat' dir='ltr'><strong>non</strong></span> <span class='ocrx_word' id='word_1_221' title='bbox 282 2707 392 2788; x_wconf 88' lang='lat' dir='ltr'><strong>quidem</strong></span> <span class='ocrx_word' id='word_1_222' title='bbox 405 2706 511 2776; x_wconf 79' lang='lat' dir='ltr'><strong>integre</strong></span> <span class='ocrx_word' id='word_1_223' title='bbox 523 2706 650 2774; x_wconf 90' lang='lat' dir='ltr'><strong>impleto,</strong></span> <span class='ocrx_word' id='word_1_224' title='bbox 671 2706 720 2759; x_wconf 91' lang='lat' dir='ltr'><strong>sed</strong></span> <span class='ocrx_word' id='word_1_225' title='bbox 732 2706 866 2760; x_wconf 79' lang='lat' dir='ltr'><strong>inchoato.</strong></span> <span class='ocrx_word' id='word_1_226' title='bbox 896 2707 952 2760; x_wconf 87' lang='lat' dir='ltr'><strong>Am</strong></span> 
     </span>
     <span class='ocr_line' id='line_1_31' title="bbox 87 2775 951 2849; baseline 0.001 -20"><span class='ocrx_word' id='word_1_227' title='bbox 87 2777 151 2830; x_wconf 73' lang='lat' dir='ltr'><strong>niter</strong></span> <span class='ocrx_word' id='word_1_228' title='bbox 166 2778 253 2849; x_wconf 81' lang='lat' dir='ltr'><strong>Tage,</strong></span> <span class='ocrx_word' id='word_1_229' title='bbox 270 2777 347 2830; x_wconf 83' lang='lat' dir='ltr'><strong>nreht</strong></span> <span class='ocrx_word' id='word_1_230' title='bbox 357 2776 427 2828; x_wconf 86' lang='lat' dir='ltr'><strong>nach</strong></span> <span class='ocrx_word' id='word_1_231' title='bbox 441 2776 502 2829; x_wconf 89' lang='lat' dir='ltr'><strong>dem</strong></span> <span class='ocrx_word' id='word_1_232' title='bbox 515 2776 617 2828; x_wconf 87' lang='lat' dir='ltr'><strong>dritten</strong></span> <span class='ocrx_word' id='word_1_233' title='bbox 631 2775 717 2845; x_wconf 82' lang='lat' dir='ltr'><strong>Tage,</strong></span> <span class='ocrx_word' id='word_1_234' title='bbox 735 2776 838 2828; x_wconf 72' lang='lat' dir='ltr'><strong>Mettis.</strong></span> <span class='ocrx_word' id='word_1_235' title='bbox 850 2779 895 2842; x_wconf 85' lang='lat'><strong>20,</strong></span> <span class='ocrx_word' id='word_1_236' title='bbox 910 2779 951 2844; x_wconf 81' lang='lat'><strong>19,</strong></span> 
     </span>
     <span class='ocr_line' id='line_1_32' title="bbox 87 2845 672 2917; baseline 0.002 -22"><span class='ocrx_word' id='word_1_237' title='bbox 87 2851 121 2895; x_wconf 69' lang='lat' dir='ltr'><strong>cn</strong></span> <span class='ocrx_word' id='word_1_238' title='bbox 136 2846 167 2900; x_wconf 90' lang='lat' dir='ltr'><strong>ob</strong></span> <span class='ocrx_word' id='word_1_239' title='bbox 184 2853 285 2917; x_wconf 86' lang='lat' dir='ltr'><strong>typum</strong></span> <span class='ocrx_word' id='word_1_240' title='bbox 301 2845 404 2912; x_wconf 81' lang='lat' dir='ltr'><strong>lonae,</strong></span> <span class='ocrx_word' id='word_1_241' title='bbox 422 2845 527 2897; x_wconf 76' lang='lat' dir='ltr'><strong>Masta.</strong></span> <span class='ocrx_word' id='word_1_242' title='bbox 546 2848 590 2912; x_wconf 79' lang='lat'><strong>12,</strong></span> <span class='ocrx_word' id='word_1_243' title='bbox 609 2848 672 2911; x_wconf 72' lang='lat'><em>40.)</em></span> 
     </span>
    </p>
   </div>
   <div class='ocr_carea' id='block_1_8' title="bbox 87 2963 953 3135">
    <p class='ocr_par' dir='ltr' id='par_1_8' title="bbox 87 2963 953 3135">
     <span class='ocr_line' id='line_1_33' title="bbox 135 2963 953 3051; baseline -0.004 -21"><span class='ocrx_word' id='word_1_244' title='bbox 135 2964 177 3030; x_wconf 92' lang='lat' dir='ltr'><strong>Ut</strong></span> <span class='ocrx_word' id='word_1_245' title='bbox 197 2967 226 3032; x_wconf 80' lang='lat'><strong>2.</strong></span> <span class='ocrx_word' id='word_1_246' title='bbox 249 2988 308 3051; x_wconf 93' lang='lat' dir='ltr'><strong>pro</strong></span> <span class='ocrx_word' id='word_1_247' title='bbox 330 2964 467 3050; x_wconf 85' lang='lat' dir='ltr'><strong>peccatis</strong></span> <span class='ocrx_word' id='word_1_248' title='bbox 489 2963 604 3026; x_wconf 89' lang='lat' dir='ltr'><strong>nostris</strong></span> <span class='ocrx_word' id='word_1_249' title='bbox 627 2986 660 3026; x_wconf 91' lang='lat' dir='ltr'><strong>se</strong></span> <span class='ocrx_word' id='word_1_250' title='bbox 686 2963 877 3026; x_wconf 85' lang='lat' dir='ltr'><strong>satisfecisse</strong></span> <span class='ocrx_word' id='word_1_251' title='bbox 898 2986 953 3027; x_wconf 93' lang='lat' dir='ltr'><strong>ve·</strong></span> 
     </span>
     <span class='ocr_line' id='line_1_34' title="bbox 87 3048 952 3135; baseline -0.001 -23"><span class='ocrx_word' id='word_1_252' title='bbox 87 3058 177 3131; x_wconf 73' lang='lat' dir='ltr'><strong>¹mque</strong></span> <span class='ocrx_word' id='word_1_253' title='bbox 192 3051 349 3135; x_wconf 88' lang='lat' dir='ltr'><strong>justitiam</strong></span> <span class='ocrx_word' id='word_1_254' title='bbox 370 3049 463 3113; x_wconf 90' lang='lat' dir='ltr'><strong>nobis</strong></span> <span class='ocrx_word' id='word_1_255' title='bbox 485 3048 690 3130; x_wconf 79' lang='lat' dir='ltr'><strong>acquisivisse</strong></span> <span class='ocrx_word' id='word_1_256' title='bbox 713 3049 952 3125; x_wconf 84' lang='lat' dir='ltr'><strong>demonstraret,</strong></span> 
     </span>
    </p>
   </div>
   <div class='ocr_carea' id='block_1_9' title="bbox 87 3122 262 3212">
    <p class='ocr_par' dir='ltr' id='par_1_9' title="bbox 87 3122 262 3212">
     <span class='ocr_line' id='line_1_35' title="bbox 87 3122 262 3212; baseline 0.051 -19"><span class='ocrx_word' id='word_1_257' title='bbox 87 3122 143 3199; x_wconf 75' lang='lat' dir='ltr'><strong>lou</strong></span> <span class='ocrx_word' id='word_1_258' title='bbox 159 3136 190 3212; x_wconf 86' lang='lat'><strong>4,</strong></span> <span class='ocrx_word' id='word_1_259' title='bbox 210 3137 262 3203; x_wconf 79' lang='lat'><strong>25.</strong></span> 
     </span>
    </p>
   </div>
   <div class='ocr_carea' id='block_1_10' title="bbox 87 3248 952 3388">
    <p class='ocr_par' dir='ltr' id='par_1_10' title="bbox 87 3248 952 3388">
     <span class='ocr_line' id='line_1_36' title="bbox 126 3248 952 3328; baseline 0 -21"><span class='ocrx_word' id='word_1_260' title='bbox 126 3248 187 3328; x_wconf 63' lang='lat' dir='ltr'><strong>illisi</strong></span> <span class='ocrx_word' id='word_1_261' title='bbox 207 3254 280 3308; x_wconf 84' lang='lat' dir='ltr'><strong>enirn</strong></span> <span class='ocrx_word' id='word_1_262' title='bbox 300 3251 505 3318; x_wconf 88' lang='lat' dir='ltr'><strong>resurrexisset,</strong></span> <span class='ocrx_word' id='word_1_263' title='bbox 530 3251 620 3304; x_wconf 87' lang='lat' dir='ltr'><strong>adhue</strong></span> <span class='ocrx_word' id='word_1_264' title='bbox 638 3267 758 3304; x_wconf 89' lang='lat' dir='ltr'><strong>essemus</strong></span> <span class='ocrx_word' id='word_1_265' title='bbox 774 3249 803 3302; x_wconf 92' lang='lat' dir='ltr'><strong>in</strong></span> <span class='ocrx_word' id='word_1_266' title='bbox 821 3252 952 3320; x_wconf 85' lang='lat' dir='ltr'><strong>peccatis,</strong></span> 
     </span>
     <span class='ocr_line' id='line_1_37' title="bbox 87 3320 815 3388; baseline -0.001 -16"><span class='ocrx_word' id='word_1_267' title='bbox 87 3320 143 3372; x_wconf 69' lang='lat' dir='ltr'><strong>lton</strong></span> <span class='ocrx_word' id='word_1_268' title='bbox 157 3321 224 3378; x_wconf 84' lang='lat' dir='ltr'><strong>tides</strong></span> <span class='ocrx_word' id='word_1_269' title='bbox 240 3327 337 3378; x_wconf 84' lang='lat' dir='ltr'><strong>nostra</strong></span> <span class='ocrx_word' id='word_1_270' title='bbox 354 3328 426 3377; x_wconf 88' lang='lat' dir='ltr'><strong>esset</strong></span> <span class='ocrx_word' id='word_1_271' title='bbox 444 3320 546 3388; x_wconf 84' lang='lat' dir='ltr'><strong>inanis,</strong></span> <span class='ocrx_word' id='word_1_272' title='bbox 567 3324 591 3375; x_wconf 89' lang='lat'><strong>1.</strong></span> <span class='ocrx_word' id='word_1_273' title='bbox 611 3320 673 3374; x_wconf 83' lang='lat' dir='ltr'><strong>Gor.</strong></span> <span class='ocrx_word' id='word_1_274' title='bbox 695 3325 736 3388; x_wconf 67' lang='lat'><strong>15,</strong></span> <span class='ocrx_word' id='word_1_275' title='bbox 755 3321 815 3387; x_wconf 85' lang='lat'><em>17.)</em></span> 
     </span>
    </p>
   </div>
   <div class='ocr_carea' id='block_1_11' title="bbox 0 0 1132 3772">
    <p class='ocr_par' dir='ltr' id='par_1_11' title="bbox 0 0 1132 3772">
     <span class='ocr_line' id='line_1_38' title="bbox 0 0 1132 3772; baseline 0 0"><span class='ocrx_word' id='word_1_276' title='bbox 0 0 1132 3772; x_wconf 95' lang='lat' dir='ltr'><strong> </strong></span> 
     </span>
    </p>
   </div>
  </div>
 </body>
</html>
