2250 3772
109 250 175 317 258
249 244 356 332 Caput
376 242 420 310 ΙΙ.
462 243 515 308 De
536 244 684 330 symbolo
706 243 890 331 apostolico.

111 434 173 489 cap,
190 423 213 473 1.
231 432 259 485 p.
274 419 331 470 ³76.
353 412 419 485 quia
434 429 485 482 per
502 410 609 464 nullum
628 416 739 481 tropum
752 412 884 484 explicari
894 410 990 485 poem

111 489 207 559 Atque
224 483 294 539 adeo
311 482 351 536 sic
368 489 466 535 crrmst
484 485 508 536 6.
527 481 576 551 qui
593 481 812 551 synecdochicas
831 498 892 537 esse
906 486 992 537 com

113 557 193 611 dunt.
228 555 310 608 Idem
329 551 355 605 d.
373 552 425 605 loc.
450 568 473 607 s.
494 555 516 605 1.
541 566 564 603 c.
584 556 608 603 4.
635 567 664 620 p.
683 556 741 605 336.
764 557 794 605 et
819 569 842 610 s.
862 556 886 607 2.
910 566 960 621 cap.
975 551 992 603 i·

135 629 218 680 aas.
243 622 289 677 Λό
311 640 339 680 ος
365 619 438 674 enim
464 635 516 674 nec
541 634 605 689 pars
629 635 681 673 nec
706 619 813 688 species
832 624 876 674 est
900 614 994 675 decta

139 710 171 748 ec
188 640 353 745 vocabuium
370 687 487 742 hominis
505 686 694 742 consideratur
710 687 758 742 hic
771 688 831 742 sola
852 687 994 761 cogitatiout

111 764 154 829 (tr
174 759 244 831 ψιλῇ
261 758 386 825 θεωρίᾳ),
405 764 438 810 ut
457 755 516 810 παιδ’
536 756 617 821 διον,
640 773 731 828 neque
748 756 776 810 in
796 757 902 828 specie,
920 752 995 813 sedi!

110 828 262 895 individuo,
281 829 451 880 Dcmaccco.
469 825 518 879 lib.
532 830 555 879 ³.
574 824 682 878 orthod.
698 824 745 879 fid.
765 842 827 895 cap.
845 831 885 883 11.
902 842 946 897 pur
958 826 995 877 ut

112 900 224 953 Erram
243 902 266 950 7.
286 894 335 967 qni
351 893 584 965 praedicationem
602 910 662 948 esse
683 894 854 949 diversorum
871 894 951 957 (Deru
964 892 996 946 cd

110 967 204 1030 homo)
222 968 360 1030 statuunt,
385 962 548 1018 sensu'non
565 962 756 1026 Aristotelico,
779 962 830 1018 sed
846 958 995 1027 ranan

110 1051 167 1107 quo
191 1033 300 1087 diversa
323 1032 453 1085 dicuntur
476 1031 586 1119 differre
610 1030 670 1084 sola
687 1031 809 1113 rationo,
829 1026 995 1087 Piscctmis

109 1100 495 1249 atttttttttsttt
517 1099 786 1248 nffliiariidssqii
802 1100 994 1225 initi&

109 1241 202 1305 Deum
218 1238 371 1292 secundum
390 1237 563 1292 divinitatem
581 1237 690 1304 dicunt,
712 1238 817 1294 Parae.
842 1237 878 1291 Ir.
896 1254 949 1307 cap.
964 1236 994 1289 ts

110 1315 163 1364 art.
187 1315 226 1364 11.
247 1324 274 1377 p.
293 1314 351 1375 264,
368 1307 414 1361 vel
431 1307 522 1361 Deum
539 1321 590 1375 pro
608 1305 683 1371 Deo,
699 1311 728 1360 et
744 1306 883 1362 hominem
899 1322 944 1379 pro
958 1302 994 1357 ho·

71 1408 74 1414 ·
109 1379 192 1433 mine.
218 1377 340 1444 Zwiopl.
358 1391 429 1444 resp.
447 1375 484 1428 ad
503 1374 587 1428 Luth.
610 1375 719 1428 confess
744 1381 810 1430 tom.
831 1382 856 1431 2.
873 1374 894 1429 f.
913 1378 992 1429 itta

111 1449 167 1512 Qui
184 1445 258 1500 enim
278 1451 320 1499 est
333 1443 410 1498 Deus
428 1444 580 1498 secundum
599 1443 745 1511 deitatem,
771 1451 814 1498 est
832 1445 907 1499 Deus
924 1454 993 1497 mon-

108 1516 221 1579 sistito,
242 1518 270 1569 et
288 1514 328 1567 sic
346 1512 428 1566 homo
448 1519 521 1567 esset
538 1513 615 1566 Deus
634 1512 819 1567 essentialiter
837 1518 901 1581 etc.)

142 1651 207 1716 DE
228 1649 663 1716 COMMUNICATIONE
684 1650 962 1718 IDIOMATUM.

210 1770 258 1835 15.
296 1768 378 1847 Quid
398 1782 442 1832 est
462 1772 694 1833 communicatio
717 1770 940 1834 idiomatum?

193 1887 447 1955 Oommunieetio
475 1887 662 1951 idiomatum
687 1898 736 1951 est
756 1911 796 1953 ex
816 1889 930 1955 unione
948 1886 995 1968 hy·

132 1974 265 2039 ostatica
293 1985 363 2038 orta
391 1972 591 2058 participatio
616 1972 817 2059 propriorum
838 1972 994 2039 divinasti

106 1999 266 2123 Eumanae
287 2070 429 2135 naturae,
449 2058 533 2121 facta
548 2057 582 2120 in
598 2057 726 2121 Christo
741 2048 993 2142 deuvdpoimpab

107 2144 261 2207 alterutra
281 2143 333 2207 vel
354 2154 488 2226 utraque
509 2154 622 2206 natura
644 2143 738 2206 simul
759 2143 961 2207 denominato.

178 2260 342 2329 (Definitum
373 2266 415 2314 est
444 2259 655 2315 communicatio
682 2260 854 2318 idiomatum.
900 2261 994 2329 Ἰδίωμϋ

107 2330 306 2400 proprietatem
324 2328 470 2400 significat.
507 2329 627 2383 Perinde
653 2329 739 2399 igitur
761 2336 804 2385 est
823 2331 880 2387 sive
897 2338 994 2386 conmu-

40 2448 44 2455 .
106 2398 275 2453 nicationem
295 2398 457 2451 idiomatum
477 2398 535 2452 sive
552 2415 602 2467 pro
624 2397 752 2451 rietatum
771 2400 904 2456 nomines.
930 2397 994 2454 sies
1029 2408 1034 2417 ·

107 2467 280 2522 scholasticis
296 2467 416 2537 primum
434 2467 516 2535 dieta,
533 2466 579 2520 vel
596 2484 612 2519 a
645 2465 762 2587 oiP'ecto,
781 2469 847 2539 quia
864 2470 934 2523 eirca
945 2474 993 2540 919·

105 2536 240 2607 prietates
258 2543 420 2590 naturarum
431 2543 571 2603 versatur,
588 2535 663 2589 vela
684 2551 767 2604 orma,
789 2537 855 2607 quia
867 2538 993 2609 sieutunp

106 2606 261 2687 personalis
280 2605 309 2658 in
328 2604 518 2658 communione
537 2609 714 2673 naturarum,
741 2605 781 2658 ita
803 2604 993 2661 communicatu

106 2675 270 2730 idiomatum
288 2673 317 2726 in
335 2673 547 2754 participatione
571 2675 772 2743 proprietatum
793 2673 903 2730 divinae
919 2679 943 2729 et
955 2670 993 2724 hu·

105 2760 205 2798 manae
227 2748 343 2797 naturae
365 2741 498 2797 subsrstit.
536 2742 607 2795 Sunt
630 2747 723 2795 autem
747 2742 882 2798 idiomata
905 2740 992 2813 divinat

104 2818 236 2867 naturae:
255 2829 314 2866 esse
332 2818 489 2879 aeternum,
506 2808 659 2880 infinitum,
681 2811 911 2883 omnipotentem,
927 2818 992 2866 cmm·

104 2887 292 2951 praesentem,
316 2879 479 2934 omniscium
500 2883 551 2932 etc.
590 2879 726 2933 idiomata
745 2879 882 2936 humanae
899 2880 994 2949 natust!

107 2955 185 3003 sunt:
207 2966 267 3004 esse
279 2956 433 3005 creaturam
448 2963 615 3017 corpoream,
628 2947 743 3012 finitam,
763 2966 845 3019 posse
858 2951 924 3020 pati,
932 2952 994 3003 mons

106 3019 220 3087 esurire,
238 3019 327 3086 sitire,
347 3017 527 3084 descendere,
547 3016 581 3070 de
599 3016 659 3070 loco
681 3017 717 3070 ad
733 3018 825 3071 iocum
842 3016 940 3073 moveri
953 3016 994 3067 ott·

107 3084 205 3141 Genus
226 3086 391 3141 definitionis
410 3090 452 3140 est
469 3085 654 3155 participatio.
691 3086 793 3140 Forma
810 3086 868 3142 sive
886 3085 997 3142 diffac-

106 3154 147 3208 tia
164 3155 294 3225 specifica
314 3154 478 3209 describitur
500 3160 648 3208 lacense
665 3153 802 3210 efficiente
820 3156 878 3210 sive
897 3150 998 3211 ternin⁰

106 3239 125 3275 a
143 3240 213 3293 quo,
229 3240 328 3345 nemife
345 3223 447 3303 unione
465 3222 615 3291 personali,
642 3240 657 3277 e
676 3240 732 3304 qua
749 3225 927 3296 participatio
941 3222 1000 3277 hsce

104 3296 241 3363 tanquam
267 3308 283 3346 e
306 3298 397 3346 ectum
422 3308 479 3346 sive
506 3307 677 3363 consequens
702 3293 892 3348 rmmediatum
916 3290 1002 3349 oritur·
