2250 3772
108 297 152 364 22
449 296 501 361 De
521 317 545 362 s.
567 304 676 360 sancta

111 472 202 538 ptura,
221 465 266 520 vel
284 482 411 536 expresse
439 465 484 520 rel
494 482 545 535 por
555 464 779 537 consequentiam
793 461 1019 518 continebantur:

110 553 167 590 non
176 533 302 616 scriptas,
314 551 386 606 quae
395 505 431 590 ab
439 533 597 591 homiuibus
606 536 743 617 inventae,
753 530 872 604 ideoque
900 534 1019 586 ustsnus

111 621 175 658 cum
185 601 328 673 scnpuna
335 603 507 675 pugnabant,
521 620 539 657 a
550 602 658 658 Christo
667 608 795 674 reJectae,
808 601 875 654 Mat
904 601 969 667 ‚15,
983 598 1021 670 9.)

110 723 161 789 26.
199 722 270 800 Qua
290 724 397 809 linquo
417 726 541 790 verbum
555 724 621 787 Dei
640 725 671 787 m
694 735 824 807 atroque
844 731 1021 787 testamento

449 811 598 893 scriptam
619 806 683 873 eat?

206 911 294 974 Vetas
330 911 553 974 Testamentum
590 933 609 972 a
640 909 758 994 Moyse
789 917 821 972 et
855 903 1022 992 probetis

110 993 216 1077 linquo
244 994 403 1078 hebraica,
434 993 555 1094 populo
575 993 640 1058 Dei
670 992 856 1059 vernaculas
931 1013 1022 1054 ocum

109 1098 184 1141 vero
201 1077 241 1140 ab
257 1079 459 1164 evangeliste
476 1090 507 1143 et
522 1078 673 1164 apostolis
689 1081 794 1164 linqua
806 1099 931 1162 praeco,
952 1082 1021 1138 tum

111 1161 263 1247 temporis
283 1162 365 1227 inter
386 1175 497 1250 gentes
516 1163 744 1251 vulgatissima,
766 1161 920 1247 scriptum
942 1168 1000 1227 est.

178 1281 303 1351 (Itaque:
331 1282 480 1336 Hebraeos
497 1290 586 1335 tectas
612 1283 642 1334 ia
667 1281 761 1335 Vetcm'
785 1282 963 1333 Testamenta
982 1280 1023 1329 cst

110 1349 292 1414 authenticae,
310 1367 365 1404 non
378 1367 503 1421 graecus,
516 1356 565 1405 aut
578 1351 656 1405 alius.
688 1350 816 1403 Grocom
829 1347 937 1401 veroin
949 1361 1021 1398 coco

111 1426 151 1471 est
160 1419 343 1481 authenticas,
361 1436 416 1472 non
426 1418 529 1474 latinus
539 1426 588 1474 aut
597 1420 676 1474 alius.
701 1418 739 1473 Et
747 1417 859 1489 quidem
868 1415 1020 1471 hebraeum

109 1491 216 1540 textum
236 1504 344 1556 sempor
363 1486 448 1542 fuisse
466 1488 669 1556 authenticum,
692 1493 751 1541 tum
770 1491 849 1554 aute,
877 1490 939 1539 tum
956 1488 1023 1555 post

111 1553 250 1609 Christum
268 1560 373 1619 natum,
391 1556 568 1627 perspicuum
589 1562 637 1611 est.
662 1556 750 1610 Illud:
768 1555 841 1619 Quia
857 1560 879 1608 l.
892 1553 1021 1623 Joseplo

109 1623 127 1677 l.
150 1629 172 1678 l.
197 1629 284 1680 contr.
308 1624 410 1694 Apion.
435 1643 463 1695 p.
482 1631 541 1680 953.
569 1631 598 1679 et
620 1625 743 1678 Eusebio
769 1625 787 1680 l.
810 1629 833 1679 8.
863 1628 1021 1693 praeparat.

111 1708 209 1764 evang.
229 1709 252 1746 c.
265 1698 289 1747 2.
309 1692 328 1746 f.
348 1700 393 1748 105
403 1693 429 1748 b.
442 1693 568 1755 testibus,
586 1693 687 1747 Judaei
699 1699 779 1747 tanta
791 1691 846 1746 fide
861 1710 882 1745 s.
894 1690 1022 1762 Scripta·

108 1777 169 1815 ram
186 1767 375 1843 assessorum,
388 1768 430 1843 ‘ut
452 1761 599 1816 maluerint
616 1762 719 1841 centies
737 1760 822 1841 mori,
841 1777 925 1832 quam
942 1761 1019 1841 quic:

108 1847 245 1954 illast
261 1829 835 1956 dilatasti...latialia
842 1828 1020 1954 §illati

108 1985 171 2023 suos
190 1968 413 2039 adscripturum
425 1969 489 2026 Vet.
501 1968 622 2024 Tectam.
641 1969 826 2048 ablegassent,
844 1967 910 2020 Jos.
926 1969 952 2034 5,
972 1968 1019 2020 39.

107 2038 175 2090 Imo.
195 2040 238 2105 16,
261 2040 305 2091 29.
341 2038 401 2095 Neo
421 2045 445 2093 4.
463 2055 496 2093 ex
514 2038 611 2093 eadem
626 2038 780 2091 doctrinam
800 2052 878 2090 suam
893 2050 1020 2115 compro·

107 2105 229 2174 bassent,
241 2108 308 2161 Luc.
321 2109 366 2173 24,
384 2110 429 2160 27.
460 2108 558 2163 Actor.
574 2110 615 2175 17,
631 2111 665 2159 11
677 2111 729 2159 eto.
761 2105 835 2159 Hoc:
856 2103 921 2174 quia
934 2111 1019 2158 stram

107 2188 125 2226 a
144 2178 268 2242 tempore
280 2173 387 2228 'Christi
406 2191 494 2245 usque
512 2176 548 2228 ad
564 2174 637 2228 hanc
657 2179 777 2228 aetatem
788 2179 867 2227 tanta
883 2171 934 2226 reli
957 2172 1020 2226 'osi-

106 2245 166 2295 tate
177 2241 279 2295 Judaei
293 2242 451 2310 Scripturas
466 2243 589 2297 codicem
604 2249 753 2311 asservant,
765 2247 798 2296 ut
808 2249 837 2297 et
850 2242 915 2296 Joli.
949 2258 1019 2295 acac

107 2313 186 2374 teste,
206 2315 277 2365 cont.
296 2309 414 2365 Lindan.
433 2311 467 2366 de
480 2311 583 2381 optimo
602 2328 704 2380 genere
719 2312 861 2381 interpret.
878 2309 1019 2381 jejunium

107 2377 240 2444 indicant,
260 2378 283 2431 si
296 2377 365 2433 liber
376 2379 424 2433 ille
442 2380 472 2433 in
488 2384 589 2434 terram
599 2379 736 2436 ceciderit.
768 2379 869 2435 Confer
877 2379 1019 2433 Bellarm.

108 2445 126 2498 l.
149 2452 172 2500 2.
190 2447 226 2501 dc
240 2446 316 2503 verb.
336 2447 390 2501 Dei
410 2465 433 2502 c.
455 2454 479 2503 2.
497 2448 549 2503 col.
570 2456 611 2504 73.
631 2448 660 2504 C.
673 2449 707 2502 D.
738 2448 811 2512 Quia
828 2454 852 2503 2.
873 2447 897 2500 si
914 2448 1017 2502 voluis·

107 2519 168 2569 sent
180 2515 341 2585 depravare,
354 2533 410 2570 nou
423 2517 586 2588 potuissent,
605 2534 668 2571 cum
680 2517 744 2571 libri
757 2515 853 2571 biblici
886 2533 915 2570 er
927 2522 1018 2571 totum

105 2589 241 2638 terrarum
259 2583 353 2639 orbem
373 2585 414 2638 dis
435 2587 487 2641 ersi
508 2592 606 2642 essent.
637 2586 709 2651 Quia
724 2592 747 2640 3.
766 2586 789 2638 si
804 2585 840 2639 ad
871 2590 1018 2655 terassent‚

108 2668 141 2708 aa
157 2651 233 2721 loca,
253 2669 325 2724 quae
344 2654 378 2709 dc
398 2604 508 2711 Obristo
525 2661 622 2710 contra
640 2670 686 2709 eos
704 2653 806 2708 adduci
825 2659 950 2725 possent,
970 2654 1017 2708 de·

126 2728 276 2776 navasscnt.
306 2723 347 2776 At
365 2722 418 2778 hoc
434 2742 491 2779 non
508 2723 623 2779 factum.
656 2723 729 2788 Quia
746 2721 810 2777 deni
832 2739 867 2777 ue
880 2728 904 2776 4.
923 2722 1018 2778 omnia

104 2739 166 2846 loca
184 2790 219 2846 V.
238 2790 271 2846 T.
291 2790 327 2844 ab
345 2792 478 2862 apostolis
497 2792 590 2861 citata,
605 2793 646 2847 ita
664 2792 754 2846 adhuc
772 2791 801 2844 in
849 2790 899 2846 .'I¹.
918 2791 1017 2863 legun·

105 2864 158 2928 tur,
177 2865 209 2914 ut
228 2859 264 2914 ab
283 2860 416 2928 apostolis
432 2861 461 2914 in
479 2861 513 2916 N.
531 2867 652 2916 Testum.
671 2861 799 2923 citantur,
819 2866 848 2914 et
864 2859 903 2913 ita
920 2859 950 2913 in
967 2860 1016 2915 ho·

106 2928 232 2983 diemum
244 2945 333 3050 usgue
348 2928 420 2983 diem
434 2929 525 2984 adhuc
538 2929 676 3000 leguntur.
705 2928 809 2982 Mansit
821 2945 887 2998 crgo
899 2928 1017 2983 authen·

104 2997 177 3050 ticus
194 3001 259 3066 post
300 2996 379 3052 bristi
398 2998 587 3066 nativitatem,
612 2999 693 3068 quia,
712 2999 885 3064 Hieronymo
902 2997 932 3050 in
950 2996 1017 3054 Eoo.

103 3081 127 3117 c.
148 3071 171 3121 6.
198 3070 217 3120 t.
238 3072 260 3121 5.
287 3082 315 3134 p.
335 3071 376 3121 31.
394 3069 429 3122 A.
450 3071 535 3135 teste,
563 3082 657 3121 omnes
681 3065 876 3120 translationes
900 3065 1017 3121 adeam

104 3132 349 3204 examinabantur,
375 3140 403 3190 et
422 3140 534 3189 eatenus
552 3134 771 3205 rccipicbantur,
797 3139 933 3216 quatenus
952 3152 1016 3190 cum

103 3199 224 3256 hebraeo
243 3207 322 3257 textu
340 3204 536 3274 congruebant.
575 3204 658 3260 Unde
675 3211 703 3259 et
724 3205 882 3258 Grotsmas
900 3219 956 3256 non
974 3221 1016 3259 so·

102 3268 161 3323 lum
185 3270 257 3325 inter
283 3271 394 3327 decreta
411 3271 464 3328 hoc
487 3272 577 3342 ipsum
596 3272 699 3341 retulit,
718 3272 780 3326 dist.
801 3277 840 3328 76.
860 3286 884 3328 c.
903 3278 926 3326 ἵ.
942 3270 1017 3342 jeju-
