2250 3772
215 220 269 284 De
292 220 432 306 imagine
454 218 520 285 Dei
539 218 574 283 in
594 219 731 287 homine.
869 221 934 285 233
967 227 974 246 ‘

76 404 168 456 notum
184 391 341 474 jubentur
359 388 513 454 renovari.
550 389 654 472 Atqui
672 390 714 453 ad
729 389 887 473 justitiam
901 402 933 454 et

76 476 220 541 natitatem
242 498 350 539 veram
364 475 468 539 renati
482 497 540 560 per
554 472 710 560 Spiritum
724 484 868 538 sanctum
879 476 935 558 ju-

76 574 139 627 ntur
151 560 307 644 renovari,
319 560 433 646 Epiros.
444 560 475 636 4,
485 560 541 644 23;
569 562 631 626 Col.
642 561 671 643 3,
685 561 735 625 10.
767 561 857 644 Ergo
872 571 932 628 etc.

97 660 184 726 (Ratio
208 658 336 731 procedit
361 673 378 712 a
400 663 501 712 natura
529 658 727 713 contrariorum
754 659 933 730 privantium.

76 729 144 784 bitus
163 730 238 784 enim
257 735 286 784 et
303 727 423 799 privatio
442 732 508 780 sunt
526 727 601 781 circa
619 727 701 783 idem.
732 725 848 782 Constat
865 744 934 800 ergo

76 799 219 853 zaxioma:
247 799 341 866 imayo
362 797 422 849 Dei
442 797 472 848 in
493 797 590 864 primo
614 797 723 850 nomine
746 815 803 851 non
819 799 884 865 fait
902 799 932 850 ἐπ

75 868 208 921 &audine
234 866 386 933 aasentias,
410 866 464 917 aad
488 866 519 917 a'n
544 866 714 933 qualitatum
739 873 847 919 tantan
864 882 933 934 per·

76 937 152 990 tione.
195 935 334 990 Sanctitas
360 933 432 988 enim
456 932 617 1013 etljustitia
634 949 690 987 non
708 940 869 1005 competunt
884 934 933 988 ho-

75 1003 159 1074 iiper
175 1005 339 1071 essentiam‚
357 1003 406 1057 sed
423 1018 474 1071 per
492 1001 699 1056 mhaerentiam.
735 1004 828 1056 Errat
846 1003 935 1074 igitur
983 1030 991 1043 κ

75 1072 145 1141 auus,
156 1072 217 1143 'qui
234 1072 384 1143 imaginem
401 1071 456 1125 Dei
475 1086 536 1125 ease
559 1071 649 1140 ipsam
666 1070 785 1125 hominis
804 1072 932 1126 substan·
997 1080 1005 1089 “

75 1158 94 1194 n
104 1159 162 1196 cum
174 1141 232 1196 suis
244 1140 435 1195 accidentibus
452 1140 558 1193 asserit.
586 1138 662 1194 Clav.
676 1140 729 1193 scri
750 1145 803 1194 tur.
816 1147 896 1195 tract.
907 1146 931 1195 6.

82 1218 180 1280 peccat.
199 1208 268 1281 orig.
287 1228 314 1280 p.
333 1216 391 1264 648.
409 1227 437 1262 n.
459 1215 497 1263 10.
516 1215 544 1261 et
561 1214 602 1265 20.
633 1207 699 1265 vid.
757 1210 854 1279 tyana.
873 1209 932 1263 Ma-

75 1277 181 1334 haeism.
205 1297 232 1349 p.
252 1286 267 1334 8
288 1295 344 1349 seq.
389 1276 472 1334 Unde
499 1294 575 1347 seqq.
599 1277 783 1332 consectaria:
818 1287 839 1334 1.
866 1294 932 1348 ergo

75 1363 118 1416 rao
131 1349 191 1402 Dei
207 1365 264 1400 aon
284 1355 324 1401 eat
341 1354 415 1400 totas
433 1346 522 1413 homo,
542 1347 617 1399 solus
632 1346 704 1400 enim
717 1345 805 1400 Filius
818 1347 872 1402 Dei
889 1352 933 1401 cst

75 1416 212 1471 >stantialis
231 1416 323 1496 imago
341 1415 403 1484 Dei,
422 1415 507 1467 Heba.
528 1419 555 1484 1,
572 1419 598 1470 3.
632 1413 670 1466 Et
687 1414 764 1468 aliud
784 1425 840 1484 est,
857 1415 933 1497 quod

75 1490 133 1539 atur
154 1486 191 1538 ad
215 1485 377 1554 imaginem,
403 1483 478 1537 aliud
502 1482 596 1554 imago
619 1483 689 1552 ipsa.
727 1485 793 1537 Noa
818 1491 842 1539 2.
866 1503 931 1553 apsa

74 1552 133 1607 imae
148 1554 303 1607 rationalia
320 1553 485 1606 substantia.
510 1553 578 1605 Non
596 1561 637 1604 eat
658 1559 681 1605 3.
692 1552 723 1604 in
741 1553 845 1622 anima,
864 1571 932 1621 qaa-

74 1637 105 1674 raa
119 1621 287 1692 minitantia,
304 1622 487 1689 incorporea,
505 1621 689 1689 immortalia,
708 1621 889 1690 intelliaenda'
906 1629 932 1674 at

74 1687 135 1744 aaa
143 1692 291 1759 facultate
309 1690 461 1758 praedita,
486 1689 516 1740 in
535 1689 674 1759 eliyaadr'e
693 1691 815 1743 externis
831 1691 932 1758 libera,

74 1761 242 1813 accusatam
265 1759 381 1826 corpori
403 1759 537 1825 inureret,
567 1766 593 1810 et
616 1759 774 1810 animantia
793 1759 932 1828 alacritate

74 1838 137 1890 perat
155 1837 206 1883 eto.
248 1827 347 1897 Imago
366 1827 439 1880 enim
456 1825 511 1879 Dei
536 1826 691 1880 restituitur
716 1833 825 1880 tantum
842 1828 871 1880 in
891 1844 933 1881 re-

74 1892 107 1949 tis.
138 1897 227 1967 Atqui
250 1895 356 1949 isthaec
373 1895 465 1949 omnia
483 1900 511 1948 et
534 1895 646 1965 singula
663 1895 830 1949 conveniunt
848 1895 932 1949 etiam

74 1967 204 2039 ¹arcuatis.
248 1964 322 2028 Quid
342 1964 417 2034 quod
436 1962 538 2016 amissa
559 1963 679 2034 imagine
693 1963 756 2032 Dei,
774 1965 836 2033 ipsa
848 1965 931 2018 etiam

74 2044 115 2087 tna
134 2034 317 2104 ejusdemque
334 2032 483 2086 facultates
502 2033 642 2087 naturales
669 2031 787 2086 amissae
815 2032 931 2087 essent?

74 2114 95 2177 {a
110 2112 144 2156 ast
160 2112 185 2159 l.
204 2106 234 2155 in
251 2119 369 2182 corpore
387 2101 513 2154 hominia.
543 2101 650 2170 Corpus
663 2100 735 2154 enim
748 2101 841 2155 anima
854 2102 933 2172 igno-

73 2182 114 2237 nn,
132 2178 158 2226 et
178 2171 280 2225 amissa
298 2170 419 2240 imagine
435 2169 612 2222 nihilominus
625 2175 773 2239 superstes.
807 2172 873 2224 Non
892 2179 934 2224 eat

79 2244 185 2294 exterior
203 2242 315 2307 forma3
343 2240 412 2292 alias
433 2238 534 2291 amissa
554 2238 676 2308 imagine
695 2246 724 2292 ct
740 2238 830 2293 forma
846 2240 933 2294 homi-

73 2310 200 2364 texterior
218 2309 327 2362 amissa.
365 2309 431 2360 Noa
456 2315 497 2358 est
520 2317 544 2360 a.
561 2309 720 2388 substantia
739 2310 879 2377 quaedam
897 2310 933 2361 ab

73 2376 138 2430 maia
154 2378 313 2430 substantia
333 2377 454 2428 diversa.
485 2373 530 2428 Sic
544 2376 618 2429 enim
632 2393 688 2431 non
702 2393 765 2499 ffi‘sle
783 2376 865 2432 homo
882 2395 934 2457 per
995 2443 997 2449 Ι

73 2449 163 2500 tcatum
183 2452 257 2499 esset
276 2452 441 2514 corruptus,
459 2443 517 2497 sed¹
528 2443 685 2499 substantia
768 2446 805 2500 ab
822 2446 932 2500 homme

73 2523 93 2564 re
107 2514 245 2569 distracta.
279 2515 391 2566 Errant
409 2512 541 2584 igiturex
555 2514 722 2582 Nectaria'a,
742 2514 790 2585 qui
808 2515 853 2568 vel
871 2515 932 2582 hoc,

73 2574 169 2657 iillud,
194 2584 240 2637 vel
261 2582 337 2636 istud
362 2582 519 2635 adstruunt.
559 2587 623 2635 Non
646 2590 686 2635 eat
709 2590 732 2636 Ἰ.
756 2584 877 2636 hominia
902 2584 933 2635 a'n

73 2653 175 2705 tutantia
198 2653 313 2720 reliqua
341 2651 503 2705 dominium.
542 2650 594 2704 Est
618 2650 692 2704 enim
713 2651 766 2705 hoo
789 2658 932 2706 externum

72 2717 162 2775 ludam
178 2721 368 2792 privilegium,
391 2719 420 2772 iu
438 2735 493 2788 quo
511 2719 675 2774 secundario
692 2718 785 2791 imago
803 2720 856 2773 Dei
874 2719 931 2773 elu-

72 2781 111 2841 bat„
137 2793 250 2844 Errant
267 2789 355 2860 igitur
372 2788 550 2856 Flaminiana}
570 2789 619 2859 qui
636 2793 744 2842 tantum
762 2791 791 2841 in
808 2787 932 2842 dominio

73 2859 267 2925 annutiant,
290 2858 453 2912 Cataoniam.
472 2858 576 2909 Raaov.
604 2858 639 2910 de
662 2857 709 2911 via
726 2857 838 2924 salutis,
863 2873 886 2911 c.
909 2864 930 2910 1.

82 2924 113 2979 ll.
130 2932 168 2980 23:
198 2928 264 2980 Noa
282 2934 324 2978 eat
343 2932 366 2981 8.
388 2924 509 2978 exterior
528 2926 629 2978 aaitem
647 2934 780 2993 ornatae,
798 2942 852 2992 qao
869 2934 930 2977 tan-

72 3002 109 3043 'aa
130 3002 200 3047 vaste
225 2993 343 3063 ayreqia
373 2993 497 3062 spoliari
525 2994 605 3048 homo
630 2995 703 3047 oltra
724 3002 843 3046 naturae
870 3012 931 3047 cor-

72 3060 176 3120 lptt‘onem
202 3063 304 3116 iterum
320 3062 457 3132 potuerit.
495 3062 563 3115 Fuit
587 3061 660 3116 enim
681 3062 819 3116 internum
845 3061 931 3115 totius

72 3128 138 3184 aaa
164 3138 355 3211 ornamentum
375 3136 403 3185 et
424 3137 572 3185 concreata
591 3131 648 3184 sive
666 3131 853 3184 connaturalis
873 3132 931 3184 ani-

72 3195 228 3256 tehumanae
240 3200 395 3321 ἰηῐεῆηῑαε,
414 3198 557 3267 perfectio,
577 3206 606 3253 et
617 3199 763 3268 rectitudo,
775 3216 847 3270 quae
860 3201 930 3254 citra

72 3267 222 3334 motionem
240 3272 300 3339 ejus
321 3284 366 3322 em
384 3267 486 3321 auferri
504 3285 560 3323 non
581 3286 616 3336 po
631 3268 680 3323 uit.
716 3270 826 3321 Errant
843 3269 929 3339 igitur

952 3338 1026 3551 Ι
