2250 3772
107 246 169 310 164
344 241 449 327 Caput
470 242 495 305 I.
539 241 591 304 De
613 240 777 326 decalogo.

108 411 264 465 accidentia
284 410 384 476 speciei
407 410 533 480 propria,
559 410 624 480 quia
640 409 788 480 'generatio
810 406 843 462 fit
865 405 1001 473 secundun

106 480 226 550 speciem
246 485 275 533 et
291 484 427 546 naturam,
447 497 502 533 non
520 479 673 533 secundum
691 476 874 545 individuum,
890 491 1001 546 nccpct

105 566 209 615 sonam,
229 565 281 602 nec
301 549 428 618 gratiam.
458 548 574 603 Justitia
591 553 683 601 autem
704 545 847 613 originalis
863 545 917 599 fuit
928 542 1001 615 quod

107 619 173 671 dam
191 625 366 672 concreatum
383 621 507 671 naturae.
541 615 618 671 Sicut
634 633 700 686 ergo
711 615 761 669 illa
777 615 807 669 in
819 620 941 685 posteros
949 629 1001 682 pro

104 691 211 757 pagata
227 685 333 752 fuisset,
352 684 392 738 ita
410 691 438 739 et
452 691 599 767 peccatum
617 684 759 756 originale.
788 682 812 736 E
827 682 927 753 quibus
937 679 1001 736 colli

144 761 209 808 ntur
220 754 288 808 haec
300 762 482 807 consectarra.
510 761 533 808 i.
545 754 697 808 Peccatum
711 753 764 806 hoc
782 752 903 821 primum
913 750 1001 805 Adam

138 823 159 876 't
177 823 314 888 naturale,
331 821 384 875 hoc
401 829 451 890 est,
470 822 554 876 totius
572 827 687 876 naturae
705 821 844 875 humanae
863 832 1001 874 commune

106 907 177 961 quae
196 891 366 960 originaliter
384 896 413 944 et
431 890 594 945 naturaliter
612 897 672 945 crat
688 890 718 942 in
734 889 837 944 lumbis
849 891 917 959 ejus,
934 887 1001 941 Ideo

124 977 161 1014 ue
179 958 289 1012 II.·non
309 959 428 1013 alienum
446 960 475 1011 in
492 957 587 1022 nobis,
605 960 655 1012 sed
671 976 722 1028 pro
743 958 814 1012 rium
834 963 883 1014 est.
917 957 1001 1026 Neon<

104 977 159 1081 iil.
172 1028 306 1081 immerito
326 1029 422 1083 eodem
440 1045 490 1081 nos
509 1028 664 1098 plectimur.
687 976 814 1080 Arfamus
833 1025 907 1080 enim
926 1031 1001 1081 tuor

105 1112 157 1166 pro
175 1102 345 1164 retentum,
369 1097 417 1150 sed
435 1112 487 1166 pro
507 1102 567 1150 tota
605 1095 746 1150 osteritate
766 1095 840 1149 dona
864 1094 1001 1164 acceperat

105 1182 158 1218 nec
178 1170 201 1219 2.
219 1170 252 1218 ut
269 1165 349 1218 homo
374 1165 514 1233 privatus,
540 1182 568 1219 se
613 1171 645 1218 ut
668 1165 752 1218 totius
775 1163 890 1217 humani
907 1157 1001 1235 genorit

104 1239 192 1304 caput
211 1241 239 1288 et
258 1234 341 1302 stirps
358 1232 493 1303 peccavit.
528 1233 566 1286 Et
583 1233 656 1286 sicut
673 1237 696 1288 3.
714 1233 836 1287 humana
853 1239 1001 1298 naouaper

104 1296 1001 1425 tttttttffitttftflttttttttttttttltt2?

106 1441 141 1494 de
162 1388 265 1493 erlidens
294 1389 367 1493 mcii
394 1388 614 1509 uiriugeffjirsque
639 1437 671 1492 fit
695 1439 814 1509 propria.
851 1409 902 1495 Ili.
919 1437 1001 1510 Petro

104 1459 187 1576 nulia,
206 1514 266 1561 tum
280 1507 390 1575 Adami,
410 1513 468 1560 tum
488 1507 655 1578 reliquorum
673 1514 830 1577 parentum,
846 1510 956 1577 peccata
976 1512 1001 1575 Ψ

32 1595 37 1605 ·
106 1581 231 1646 posteros
248 1593 304 1629 non
322 1582 528 1657 propagantur3
556 1574 630 1630 filius
655 1576 730 1630 enim
749 1594 807 1630 non
827 1574 946 1645 portabit
958 1569 1001 1623 im

104 1645 239 1715 quitatem
257 1651 352 1715 patrm,
371 1646 471 1702 Erech.
489 1648 529 1714 18,
550 1648 595 1698 20.
630 1644 665 1700 V.
683 1644 743 1700 Nec
763 1645 896 1711 sanctitas
913 1651 1001 1713 paren·

105 1720 166 1767 tum
183 1719 341 1768 sanctorum
365 1713 395 1766 in
418 1714 519 1768 liberos
544 1712 694 1782 derivatim,
717 1713 784 1784 quia
808 1717 935 1783 parentes
954 1715 1001 1760 ποῖ]

104 1782 635 1906 ttfflttilttattrtitttttt
649 1783 718 1904 tt?
736 1773 1001 1905 tittttttti

105 1869 278 1975 descgndunt
312 1937 346 1974 ex
375 1936 469 1973 eorum
497 1894 675 1989 generatione
706 1891 857 1989 spiiitriali‚
889 1917 936 1972 sed
964 1920 1001 1979 8⁶*

104 1988 246 2044 neratione
265 1988 377 2043 carnali.
413 1987 559 2058 Corruptio
576 1988 663 2059 igitur
680 1992 708 2042 ct
725 1994 818 2042 reatus
836 1992 901 2040 sunt
918 2001 949 2039 ex
964 1988 1001 2030 11⁸²

106 2065 183 2124 tura,
199 2057 362 2127 justificatio
382 2064 474 2110 autem
493 2062 521 2110 et
536 2056 719 2110 sanctificatio
739 2075 772 2111 ex
789 2056 890 2126 gratia,
910 2050 974 2108 Jot.
987 2043 1001 2104 1:

105 2131 149 2182 16.
169 2130 210 2179 17;
246 2129 358 2179 Errant
374 2126 460 2196 igitur
476 2126 633 2195 Zwirrplr'us
652 2130 680 2180 et
700 2125 843 2193 Calvinae,
861 2123 909 2195 qui
927 2115 1001 2176 infra*

104 2202 147 2248 tes
164 2194 273 2263 piorum
298 2203 445 2262 parentum
470 2193 553 2247 etiarn
580 2200 644 2248 ante
668 2199 827 2263 susceptum
846 2191 1001 2262 baptismuss

106 2267 217 2316 sanctos
239 2263 383 2316 habendos
407 2278 465 2316 esse
485 2268 619 2317 asserunt.
655 2261 727 2317 Vide
749 2262 870 2329 Zwinql.
888 2261 970 2314 tract·
989 2248 1001 2298 ³

106 2331 141 2384 de
182 2331 328 2400 aedobapt.
346 2337 366 2384 t.
388 2336 411 2384 2.
432 2347 506 2399 oper.
526 2331 575 2384 ubi
597 2331 667 2385 haec
690 2331 814 2385 invenies
834 2320 1001 2384 emblemata

105 2349 231 2453 fideiium
269 2398 379 2452 arvulos
402 2405 466 2452 ante
491 2400 660 2469 baptismum
685 2399 757 2453 omni
784 2400 849 2453 labe
868 2411 964 2453 carere
991 2395 1001 2469 ‘j

105 2468 225 2536 macula,
245 2417 267 2521 l)
286 2473 317 2523 87
336 2485 359 2520 a
396 2467 547 2521 Peccatum
571 2467 705 2539 originale
730 2467 937 2522 damnationem
960 2465 1000 2513 ¹1⁰

106 2537 214 2604 mereri,
232 2538 255 2590 si
270 2536 351 2590 modo
371 2536 432 2606 quis
444 2535 539 2591 fideles
550 2544 681 2617 parentes
694 2544 792 2590 nactus
802 2537 895 2604 fuerit,
912 2535 931 2592 f.
946 2515 1001 2590 g9l

105 2605 236 2676 parvulos
256 2624 312 2660 non
336 2606 426 2659 minus
447 2622 530 2674 quam
556 2623 631 2673 ipsos
649 2610 778 2676 parentes
795 2605 850 2659 Dei
868 2603 1001 2723 essct&1l

104 2683 168 2745 pter
184 2673 267 2727 fidem
286 2680 432 2743 parentum
452 2690 512 2728 esse
531 2679 651 2737 sanctos,
669 2674 716 2728 fol.
738 2680 769 2728 91
788 2674 815 2728 b.
834 2679 868 2729 92
885 2690 911 2728 a.
982 2671 1001 2711 α

104 2744 159 2796 vin.
176 2742 206 2796 in
224 2743 343 2863 append.
368 2748 447 2796 tract.
466 2743 502 2795 de
526 2758 593 2821 vera
618 2742 735 2796 ecclesia
751 2741 891 2801 reformat.
910 2759 937 2811 p.
957 2728 1001 2786 73

106 2811 215 2866 Sancta
232 2831 255 2864 u
266 2828 297 2864 eo
316 2812 443 2864 caecitar-
462 2828 495 2863 ea
508 2812 644 2878 fidelibus
654 2812 815 2881 progeniae,
835 2814 913 2878 quod
924 2796 1001 2863 affl

103 2889 186 2933 utero
204 2880 310 2933 inclusi
327 2881 453 2948 aprorum
471 2880 557 2932 liberi
578 2888 726 2950 antequam
748 2881 862 2933 citatem
884 2877 1001 2949 spirite

104 2949 249 3017 hauriant,
267 2950 393 3018 cooptati
410 2958 502 3001 tamea
526 2956 590 2999 errat
608 2949 638 3000 in
649 2950 759 3016 foedae
780 2949 854 3001 citae
875 2945 1001 3001 aeternb

53 3048 57 3055 ,
104 3017 189 3071 Adde
208 3019 324 3085 Boram,
350 3017 399 3087 qui
419 3021 528 3070 sanctos
552 3033 584 3070 ex
603 3017 707 3086 gratia,
733 3017 849 3088 gignere
868 3034 902 3071 ex
920 3008 1001 3071 eade

105 3085 196 3156 gratia
213 3092 331 3155 sanctos,
349 3086 476 3149 adstruit,
493 3091 564 3153 part.
585 3092 608 3139 2.
628 3102 700 3155 resp.
719 3087 756 3138 ad
775 3094 829 3139 act.
847 3085 909 3139 coll.
930 3084 1001 3138 ΜΟΙ

106 3154 181 3225 pelg.
204 3172 231 3223 p.
259 3161 316 3209 102.
338 3161 395 3210 129.
436 3153 481 3210 Sic
503 3153 576 3208 enim
601 3159 630 3207 et
652 3153 823 3209 Judaeorum
847 3153 928 3207 liberi
951 3156 1001 3206 21¹

105 3230 263 3293 susceptam
280 3223 515 3278 circumcisionem
534 3223 623 3276 sancti
640 3222 765 3276 fuissent.
790 3222 831 3275 At
841 3222 943 3277 falsum
955 3219 1001 3275 Μ

108 3290 180 3348 Gen.
200 3294 242 3355 17,
261 3295 302 3345 14.
336 3291 412 3361 Ergo
429 3302 457 3346 et
475 3290 553 3345 illud.
572 3292 633 3344 Nec
652 3293 742 3345 obstat
758 3290 912 3360 promissio,
944 3286 1001 3345 020
