2250 3772
98 260 162 328 498
312 259 418 346 Caput
439 259 499 326 IV.
541 259 595 324 De
615 260 791 346 baptismo.

188 432 233 495 Et
255 432 283 495 2.
305 430 482 517 baptismus
502 431 570 514 ejus
592 429 710 495 dieitur
732 430 833 496 fuisse
854 429 892 495 de
910 428 991 507 coelo,

100 519 213 583 Mara.
235 517 286 595 21,
309 518 360 581 25.

187 602 233 666 Et
257 602 287 666 3.
310 599 468 686 pharisaei
495 610 665 664 renuentes
695 623 716 664 a
734 600 885 667 Johanne
911 598 994 685 bapti·

102 686 166 750 sari
203 686 352 750 dicuntur
385 684 543 769 sprevisse
573 684 741 748 consilium
771 685 838 750 Dei
864 686 994 751 adversus

104 771 310 855 semetipsos,
331 770 410 835 Luc.
433 771 462 853 7,
483 771 534 836 30.

187 856 233 920 Et
263 856 294 920 4.
325 852 472 918 Christus
505 853 573 941 ipse
606 853 683 939 (per
714 855 889 943 discipulos
918 856 997 937 suos)

103 939 285 1026 baptisavit,
307 939 382 1005 Jolr.
402 942 434 1015 3,
457 940 509 1004 22.
531 952 559 1003 et
578 940 610 1016 4,
635 940 663 1006 1.

187 1024 233 1087 Et
259 1025 289 1089 5.
342 1035 392 1087 ost
419 1023 681 1087 resurrectionem
707 1045 801 1087 suam
828 1046 889 1110 per
915 1035 998 1091 totum

103 1120 259 1173 terrarum
281 1047 392 1173 oriem
406 1108 580 1193 discipulos
598 1108 759 1195 baptisare
775 1110 885 1193 jussit,
905 1109 998 1173 Mau.

103 1196 156 1271 28,
180 1195 228 1261 19.

174 1309 266 1377 (Ratio
287 1316 308 1364 1.
329 1316 352 1364 2.
371 1314 399 1364 et
422 1314 447 1364 3.
470 1309 588 1363 sumitur
611 1326 629 1363 a
650 1310 810 1366 testimonio
827 1312 928 1382 divino,
943 1314 999 1367 tet

106 1388 130 1437 b.
144 1380 180 1434 ab
200 1379 326 1448 exemplo
342 1377 453 1445 Christi,
469 1378 518 1448 qui
534 1378 594 1449 ipse
612 1379 723 1449 quidem
741 1380 801 1434 suis
818 1382 943 1437 manibus
956 1394 998 1433 nor

104 1447 265 1519 baptisavit,
276 1448 342 1501 Jot.
356 1451 380 1515 4,
390 1454 416 1511 2,
429 1447 478 1500 sed
490 1464 540 1517 per
549 1448 712 1517 discipulos,
733 1466 853 1519 quorum
866 1451 903 1505 ha
920 1450 998 1505 mmm

106 1517 209 1573 Christi
229 1517 345 1584 dieitur,
364 1516 430 1586 quia
447 1516 579 1570 mandato
597 1523 626 1570 et
642 1517 753 1571 nomine
772 1517 878 1574 Christi
897 1468 998 1601 baptis*

104 1596 178 1654 runt,
196 1586 314 1657 ideoque
332 1584 455 1654 ipsorum
474 1584 630 1653 baptismus
645 1585 733 1655 ipsius
747 1584 854 1641 Christi
867 1588 921 1643 fuit
936 1586 997 1641 mst-

103 1655 222 1721 tuentis,
247 1654 391 1723 omnisque
415 1653 503 1706 virtus
526 1659 554 1707 et
575 1653 700 1708 eifioaoia
721 1655 850 1725 ejusdem
871 1674 890 1712 a
908 1654 998 1713 Christo

107 1726 141 1780 de
163 1723 292 1779 endebat.
319 1725 431 1776 Erram
440 1721 526 1792 igitur
541 1728 563 1776 l.
574 1724 781 1792 anabaptistae,
790 1725 840 1795 qui
849 1725 998 1797 baptismum

105 1742 161 1850 vei
174 1792 334 1861 blaspheme
359 1790 488 1844 balneum
513 1790 626 1844 suillum
651 1797 679 1846 et
707 1792 837 1847 caninum
867 1796 997 1849 nominant

105 1863 220 1918 Institor.
245 1879 259 1916 e
281 1861 322 1914 ist.
346 1860 382 1912 ad
407 1860 477 1912 duos
518 1864 568 1912 ast,
595 1866 614 1914 t.
634 1867 659 1915 4.
685 1860 747 1916 Jen.
765 1879 854 1933 germ.
879 1864 898 1919 f.
917 1869 998 1919 3314

108 1931 235 2002 Staphpl.
260 1878 369 1983 Christi.
393 1877 601 1999 Geganierioht
639 1946 674 1982 an
700 1929 754 1984 den
777 1932 944 2004 gottseligen
962 1944 998 2001 gt·

107 2003 217 2055 meineri
235 1998 332 2065 Laien,
350 2015 422 2051 anno
445 2003 517 2051 1561.
536 1969 613 2050 litZ¹
632 1997 661 2079 11.
679 1998 940 2069 Schroerroifeldiar
954 2000 999 2069 ipse

105 2069 275 2139 baptismum
300 2074 435 2134 nostrum,
468 2082 550 2186 guen
575 2083 625 2135 per
645 2073 832 2148 contemptum
852 2070 999 2141 baptismam

106 2144 196 2209 aquae
213 2135 352 2205 indigitat.
370 2135 470 2188 horren
490 2152 538 2187 um
556 2151 674 2189 errorem
692 2146 824 2205 nominat,
844 2148 939 2193 eonua
953 2134 998 2191 offi-

107 2208 181 2260 cium
193 2204 303 2271 Christi,
320 2203 401 2273 epist.
425 2210 447 2257 1.
466 2204 502 2256 ad
521 2220 563 2272 ep.
581 2210 606 2257 3.
622 2222 647 2272 p.
664 2209 705 2272 32,
724 2206 914 2327 tuaeissimam
930 2204 998 2261 idolo*

106 2275 224 2335 latriam,
244 2272 317 2341 epist
345 2280 385 2328 74.
405 2290 432 2340 p.
447 2278 504 2338 499,
522 2272 567 2326 vel
585 2288 648 2325 eum
663 2275 743 2326 Luco
791 2277 954 2346 arnberpsro
968 2272 998 2327 in·

108 2343 279 2397 stitutionem
290 2342 442 2394 satanicam
452 2341 586 2394 scelerate
595 2341 745 2411 appeliant.
769 2345 900 2400 Proteol.
912 2340 997 2400 elench

108 2413 211 2466 haeres,
225 2411 243 2462 1.
257 2417 294 2464 10.
308 2428 334 2462 n.
351 2416 388 2463 10.
406 2428 432 2479 p.
449 2415 506 2464 259.
535 2409 655 2463 Vindice
669 2427 685 2464 o
701 2410 811 2466 Christe
823 2412 998 2469 exsecrandam

106 2478 323 2551 blasphemiam!
364 2481 475 2531 Errant
498 2483 521 2531 2.
537 2478 679 2546 Jesur'tae,
705 2478 753 2550 qui
773 2479 914 2536 Christum
930 2478 996 2535 mani·

106 2551 161 2606 bus
178 2550 235 2602 suis
253 2546 408 2616 baptisasse
426 2551 560 2600 asserunt.
600 2546 713 2602 Saurea.
728 2564 827 2606 comm.
842 2549 873 2605 in
884 2551 997 2604 thomam

107 2627 127 2674 t.
147 2626 171 2673 4.
190 2637 217 2686 p.
237 2622 294 2670 280.
337 2615 441 2669 Contra
463 2616 665 2683 Nicephorum,
689 2634 771 2687 quem
796 2619 870 2673 idem
893 2618 997 2674 mutim

108 2688 245 2752 referunt,
264 2685 294 2738 in
313 2683 360 2737 lib.
380 2690 404 2737 2.
422 2683 516 2740 histor.
537 2683 633 2739 eooles.
659 2700 682 2738 e.
703 2691 727 2740 3.
747 2686 800 2739 eol.
819 2694 843 2742 9.
860 2687 893 2742 Ε.
925 2684 995 2743 uua

107 2755 244 2812 «Iohannis
266 2752 347 2807 nobis
372 2753 504 2806 autoritas
523 2751 634 2820 suffieit,
658 2755 725 2807 Joa.
742 2759 773 2819 4,
793 2760 820 2810 2.
857 2756 920 2812 vid.
936 2750 994 2809 Mat

108 2829 204 2880 donat.
222 2823 251 2876 in
270 2840 292 2877 e.
311 2827 334 2876 4.
352 2820 416 2875 Joh.
433 2827 500 2876 tom.
520 2827 543 2875 2.
562 2838 626 2892 pag.
645 2827 704 2878 260.
722 2824 760 2891 b.)

107 2946 138 3009 4.
170 2945 270 3006 Estne
290 2944 386 3026 ipitur
404 2964 485 3004 orius
508 2953 535 3003 et
555 2943 636 3004 idem
658 2944 831 3025 baptismus
851 2940 993 3012 Johoruu'r,

352 3024 476 3101 Christi,
497 3037 525 3089 et
546 3026 779 3109 apostolorum?

197 3127 282 3191 Unus
304 3125 432 3190 omnino
455 3137 487 3189 et
508 3125 594 3190 idem
615 3138 662 3191 est
690 3130 810 3194 ratione
832 3125 989 3193 arbitanae

107 3224 136 3277 et
157 3215 311 3294 effirrooioe
332 3211 582 3296 regenerationis
608 3223 640 3275 et
660 3200 988 3286 sanctificationiudis·

106 3296 243 3362 ferentia
264 3307 370 3359 tamen
396 3308 443 3360 est
467 3300 494 3362 1.
510 3301 628 3362 ratione
644 3300 812 3383 efficientia,
834 3297 905 3383 quia
918 3292 988 3359 chr
