2250 3772
255 249 308 314 De
330 248 434 312 forma
455 269 573 312 coenae
595 244 783 310 dominicae.
891 243 953 311 561

74 420 138 504 tire,
160 419 216 482 boc
237 431 281 484 eat
300 441 411 502 corpas
430 439 547 496 rnenm5
570 418 674 498 bibite,
695 415 743 478 bic
766 425 810 477 eat
830 415 956 498 canonia

74 527 134 570 eae.

112 636 225 707 (Itaque
244 653 301 691 non
324 635 451 690 consistit
472 640 495 691 1.
512 633 542 686 in
562 633 622 686 sola
638 632 852 687 manducatione
867 634 956 702 panis,

73 722 136 777 eque
156 712 181 762 2.
200 706 229 758 in
247 706 307 759 sola
323 704 458 760 bibitione
475 702 541 766 vini,
557 718 650 772 neque
668 707 692 756 3.
704 701 733 754 in
745 703 957 757 manducatione

73 775 124 828 mis
143 779 172 828 et
189 773 410 840 bibitionevini,
438 788 529 842 neque
548 778 572 826 4.
591 771 621 824 in
639 770 853 826 manducatione
869 771 955 825 solius

73 842 168 914 ·rporis
192 843 309 910 Christi,
332 858 423 912 neque
448 848 472 895 5.
496 839 526 892 in
549 838 684 894 bibitione
706 839 791 893 solius
812 841 956 912 sanguinis

73 911 162 975 misti,
192 929 283 983 neque
312 916 337 967 6.
367 911 396 963 in
425 909 638 962 manducatione
664 908 745 977 panis
775 913 804 962 ct
832 909 955 979 corporis

73 981 156 1049 misti,
174 997 264 1051 neque
281 981 310 1035 7ss
325 980 354 1032 in
373 978 506 1033 bibitione
525 977 583 1030 vini
600 982 628 1030 et
646 977 798 1047 sanguinis,
820 978 869 1032 sed
888 985 911 1034 8.
926 979 956 1033 in

73 1048 259 1104 anducatione
276 1048 357 1119 panis
377 1051 406 1101 et
423 1045 553 1116 corporis,
570 1049 599 1099 et
615 1045 749 1100 bibitione
768 1047 827 1099 vini
847 1051 875 1101 et
885 1063 956 1112 ,san-

73 1117 146 1173 rinis.
185 1117 257 1180 Quia
273 1117 367 1186 panis,
396 1115 444 1186 qui
461 1115 657 1183 manducatur,
685 1118 728 1167 est
743 1114 955 1171 communicatio

73 1187 183 1256 uporis,
201 1192 229 1241 et
243 1187 353 1254 vinum,
373 1185 447 1254 quod
466 1183 583 1249 bibitur,
603 1189 644 1238 est
663 1184 874 1237 communicatio
892 1201 955 1237 san·

73 1255 147 1315 riuis,
164 1258 187 1309 1.
206 1256 270 1309 Cor.
287 1257 332 1320 10,
351 1256 394 1307 16.
431 1252 489 1308 Ubi
507 1252 581 1304 nihil
597 1253 720 1320 intereat,
739 1253 813 1321 quod
834 1258 862 1307 et
879 1270 956 1306 man·

73 1323 202 1379 reationis
225 1329 253 1376 et
278 1321 421 1377 bibitionis
446 1320 479 1374 fit
498 1319 615 1385 mentio;
642 1320 708 1373 inde
732 1337 850 1391 namque
867 1321 958 1375 forma

73 1409 151 1448 enac
167 1392 279 1473 gemina
294 1391 391 1445 inferri
402 1389 514 1444 minime
528 1394 628 1458 potest.
657 1389 708 1442 Est
726 1389 800 1443 enim
818 1395 845 1444 et
862 1395 957 1444 manet
1040 1414 1070 1467 ¹·

72 1478 111 1516 ue
129 1478 220 1515 umca.
256 1460 361 1527 Unica,
379 1459 407 1512 in
428 1475 508 1525 uam,
525 1462 654 1511 constans
672 1458 781 1512 duabus
797 1457 851 1512 illis
871 1459 957 1528 parti·
1003 1485 1008 1494 ·

72 1547 113 1598 rs,
139 1529 351 1583 manducatione
375 1532 404 1582 et
439 1527 567 1592 ibitione,
597 1543 668 1596 quae
687 1532 805 1597 utraque
821 1527 959 1597 reperitur

72 1598 176 1652 mulin
195 1596 376 1659 eucharistia,
400 1601 428 1650 et
446 1600 546 1649 neutra
563 1595 623 1649 sola
639 1594 757 1663 sufficit,
781 1602 880 1650 neutra
898 1598 958 1651 sola

72 1673 250 1722 aramentum
270 1665 424 1732 constituit,
445 1665 511 1735 quia
529 1663 655 1718 Christus
675 1681 802 1734 expresse
819 1665 958 1719 axiomate

72 1735 179 1818 »palato
193 1735 279 1804 jussit
297 1739 325 1788 et
343 1734 423 1788 edere
442 1739 470 1787 et
488 1732 591 1789 bibere.
628 1736 740 1786 Errant
762 1733 848 1804 igitur
861 1734 956 1802 ponti·
1046 1724 1054 1773 -'

72 1805 118 1928 ni}
125 1809 260 1874 negantes
271 1802 431 1924 vertiiralilla:
450 1802 586 1869 accubita,
606 1801 696 1922 editff,
717 1802 798 1854 bibita
819 1803 958 1871 pertinere

72 1875 550 2006 tattttttttfttttt
565 1877 959 1995 ⁰30³t⁸sstf³tttttt.

72 2011 186 2066 etiarm.
206 2009 269 2064 libr.
288 2016 314 2065 4.
333 2009 368 2063 de
382 2025 496 2063 sacram.
515 2007 626 2061 euchar.
647 2024 670 2060 c.
691 2011 715 2061 2.
734 1956 789 2063 coi.J
807 2012 865 2063 358.
878 2007 910 2061 B.
929 2014 958 2062 et

92 2084 134 2134 14.
154 2079 204 2134 col.
223 2083 281 2133 708.
295 2078 330 2131 D.
352 2083 380 2130 et
396 2077 447 2132 col.
467 2083 524 2132 709.
538 2076 572 2131 A.
606 2077 667 2128 Nec
687 2076 777 2128 obatat
796 2077 870 2146 quod
888 2079 958 2133 Inte.

71 2151 94 2202 2.
115 2147 202 2201 verba
215 2147 277 2214 illa3
305 2146 367 2199 acci
386 2147 440 2213 ite,
459 2146 607 2198 editenon
624 2161 657 2199 ex
678 2143 823 2202 rimuntur.
858 2144 958 2215 Expri-

72 2221 129 2271 unt
156 2215 228 2270 enim
252 2164 439 2284 evangeistae
467 2213 571 2283 reliqui.
609 2218 633 2268 2.
684 2229 750 2266 ucas
775 2212 855 2280 dicit,
882 2214 958 2286 quod

71 2283 162 2341 nserit
187 2284 323 2338 Dominus
349 2283 402 2337 hoc
426 2282 519 2337 facere
541 2282 571 2335 in
595 2281 639 2335 sui
663 2283 957 2350 commemorationem,

71 2354 124 2409 rod
141 2352 243 2422 repetit
259 2352 364 2406 Paulus
382 2355 405 2407 1.
425 2351 487 2406 Gor.
506 2354 548 2412 11,
567 2353 617 2420 24,
637 2356 665 2405 et
684 2351 816 2420 explicat,
835 2353 902 2422 quid
921 2352 958 2406 sit

71 2422 118 2477 ‚nd
128 2423 232 2490 facere
249 2440 274 2475 v.
293 2427 334 2476 24.
365 2420 590 2490 Quotiescunque
608 2419 719 2474 ederitis
736 2426 787 2476 etc.
827 2426 850 2476 3.
867 2421 959 2474 Disci-

71 2491 107 2547 rli
125 2507 220 2545 omnes
236 2490 368 2544 biberunt
386 2505 418 2543 ex
437 2506 469 2543 eo
488 2494 553 2557 etc,
574 2491 668 2543 Marc.
688 2492 729 2556 14,
748 2492 794 2543 23.
833 2488 912 2542 Idem
932 2495 957 2544 4.

71 2564 175 2616 cerunt
192 2558 332 2627 Corinthii,
351 2561 376 2616 1.
393 2559 457 2613 Cor.
474 2558 535 2626 11.)

71 2716 99 2781 3.
136 2713 253 2776 Annon
285 2734 356 2774 ceno
391 2711 453 2774 alia
486 2713 719 2776 manducatione
756 2723 784 2773 et
815 2712 958 2776 bibitione

71 2800 153 2864 titur
174 2820 309 2861 acerram
325 2799 422 2880 panis
444 2807 473 2860 et
493 2797 605 2859 bibitur
625 2799 737 2879 vinnm,
759 2818 866 2879 nempe
890 2820 957 2860 na-

71 2907 141 2948 tea
150 2881 194 2966 li,
213 2882 275 2944 alia
289 2883 395 2945 itidem
408 2883 643 2944 manducatione
657 2891 685 2943 et
701 2881 843 2942 bibitione
857 2882 958 2943 editur

70 2992 84 3033 c
107 2969 223 3031 bibitur
243 2987 377 3029 aeoranm
392 2987 504 3048 empna
519 2976 547 3026 et
562 2965 687 3110 ww
703 2962 828 3040 Cbristi,
851 2986 959 3048 nempe

383 3051 448 3134 api
455 3051 564 3112 ritae
591 3050 617 3110 i.

135 3183 354 3266 Nequaquam.
396 3181 473 3247 Una
495 3181 620 3258 etenim,
643 3203 709 3244 non
728 3181 856 3267 gemina
870 3205 962 3245 man·

70 3267 178 3350 ucatio
199 3267 291 3353 panis
317 3277 349 3332 et
370 3267 512 3353 corporis
527 3266 664 3342 Christi;
687 3289 751 3330 una
771 3275 802 3331 et
822 3288 887 3331 non
902 3289 963 3353 ge·

768 3376 795 3419 ao

980 3410 1048 3546 f
