2250 3772
102 210 146 275 80
345 207 453 294 Caput
473 208 499 275 1.
543 209 596 274 De
617 209 782 295 decalogo.

407 379 483 443 DE
518 377 710 445 VOTIS.

147 498 199 564 57.
233 498 324 561 Anne
346 500 435 560 etiam
459 502 503 563 od
523 500 698 562 irtiuemodi
723 509 796 562 voto
816 498 978 562 clrietrom'

434 582 692 667 obeteinpnntnr?
825 588 841 609 ⁶

193 701 249 764 Ad
270 703 445 765 communio
473 701 605 784 quidem
630 712 705 765 vota
725 701 903 787 gratiarum
920 698 1020 767 aelio-

107 787 167 863 nis,
200 784 305 849 laudis
330 798 362 848 et
382 784 624 870 glorificationis
640 785 706 850 Dei
726 786 891 851 reddenda
910 802 1020 851 omnen!

91 870 361 956 ‚tobstringtmtum
384 870 475 933 Ptol.
494 873 547 947 50,
572 873 621 935 14.
655 871 712 935 Ad
728 873 942 956 particularia
961 892 1020 937 nu·

106 967 172 1020 tem
191 956 231 1019 de
253 955 349 1018 rebus
371 954 503 1021 arbitrio
525 968 634 1021 nostro
656 955 808 1041 subjectis
829 956 864 1021 in
876 954 920 1024 N.
933 956 1020 1021 Toet-

106 1041 292 1126 obligantur
311 1038 451 1104 minime.
488 1039 575 1121 Quia
596 1042 811 1106 destituuntur
825 1044 854 1109 1.
868 1040 1020 1107 mandato

107 1126 189 1202 Dei,
223 1126 252 1192 2.
274 1123 501 1210 promissione,
537 1128 567 1191 3.
589 1126 719 1190 illustri.
732 1136 916 1191 sanctorum
936 1126 1020 1193 Nor.

105 1211 246 1276 Testem.
270 1209 426 1296 exemplo

176 1327 249 1394 (Alii
264 1327 305 1381 eie
323 1326 513 1397 distinguunt:
540 1332 608 1381 vote
626 1328 684 1382 aire
699 1334 798 1383 aenou
808 1328 1019 1399 promisserunt

107 1399 154 1452 vel
170 1397 261 1450 aDeo
278 1396 301 1450 Ι.
313 1402 472 1476 praecepte,
485 1412 556 1466 quae
565 1396 721 1450 necessario
730 1398 910 1467 praestanda,
927 1396 1018 1470 qualia

91 1468 200 1521 .cultue
222 1463 309 1517 divini
332 1465 477 1527 exercitia,
503 1471 570 1518 vota
591 1465 744 1535 gratiarum
761 1466 892 1535 actionis,
920 1464 1017 1535 laudir,

107 1533 333 1606 glorificationie3
351 1532 404 1585 rel
422 1532 460 1587 II.
478 1532 631 1602 prohibita,
647 1539 680 1587 ut
697 1551 761 1589 cum
776 1542 927 1603 voventur,
949 1548 1019 1607 queo

107 1604 167 1658 eine
185 1601 458 1723 peccatodpraeetarl
474 1619 530 1656 non
547 1609 676 1671 possunt,
701 1602 796 1673 qualia
813 1620 866 1658 nec
884 1602 1019 1669 rorendm

106 1689 159 1726 nec
175 1676 307 1742 praestan
351 1689 358 1731 ;
386 1670 856 1743 ve1111.suntadiaphora,quae
872 1689 932 1751 nec
942 1688 1019 1743 pree·

109 1746 200 1811 cepte,
218 1756 270 1793 nec
288 1738 436 1809 prohibita,
455 1739 581 1810 adeoque
597 1740 694 1807 libera,
712 1746 742 1795 et
759 1739 794 1794 ob
814 1740 845 1794 id
861 1740 899 1795 ad
915 1758 951 1797 ea
964 1756 1019 1795 nou

105 1808 307 1880 restringimur.
340 1806 457 1861 Interim
482 1815 576 1862 tamen
600 1814 665 1862 sunt
690 1809 768 1863 licite
794 1808 818 1865 Ι.
835 1808 937 1875 Quoad
962 1808 1020 1865 effi·

108 1878 236 1943 cientem,
254 1878 277 1930 ei
293 1876 364 1930 fiant
385 1882 408 1931 1.
424 1876 461 1930 ab
481 1876 525 1943 iia,
544 1877 592 1948 qui
604 1893 705 1932 vovere
716 1884 842 1948 poeaunt.
873 1884 904 1935 2.-
917 1876 1020 1949 sponte

107 1953 137 2001 ct
166 1946 302 2002 consulto.
341 1952 367 2002 3.
391 1944 419 1998 A
444 1962 499 2000 non
522 1946 688 2004 errantibue.
728 1953 753 2001 4.
776 1947 804 2000 A
829 1964 885 2001 non
909 1946 1020 2004 coactio.

106 2016 145 2071 11.
164 2015 264 2079 Quoad
284 2013 434 2084 objectum,
452 2014 476 2067 ai
493 2013 565 2069 fiant
581 2015 610 2068 in
627 2032 657 2069 re
679 2021 701 2073 l.
718 2014 843 2070 honesta
876 2021 902 2071 2.
919 2016 1020 2073 Licita⁴

108 2092 134 2138 3.
153 2085 213 2139 Deo
232 2088 320 2165 grata.
357 2091 381 2138 4.
400 2083 435 2136 In
451 2083 588 2137 facultate
607 2088 710 2137 nostra.
742 2091 764 2139 5.
785 2082 816 2139 si
833 2100 889 2138 non
907 2090 1020 2141 serrato

106 2152 303 2221 impossibilia,
322 2151 415 2221 impia,
432 2151 550 2220 profana
580 2153 701 2220 ludicra,
720 2152 921 2223 superstitiosa,
940 2152 1020 2209 liber·

107 2221 161 2274 tati
179 2219 347 2274 christianae
364 2221 510 2275 contraria.
544 2193 598 2275 Ill.
616 2220 714 2284 Quoad
730 2219 828 2287 finem,
849 2221 874 2274 ei
889 2220 961 2276 fiant
976 2220 1020 2279 vel

110 2297 132 2344 1.
153 2289 189 2342 ad
228 2289 336 2342 uamvie
353 2287 437 2359 hujus
456 2289 501 2342 vel
524 2289 600 2343 illiue
618 2289 727 2360 peccati
744 2306 841 2343 eneam
858 2290 1020 2360 praeciden-

109 2359 181 2412 dam
209 2307 273 2412 qul
291 2363 315 2412 2.
338 2358 375 2410 ad
399 2356 547 2426 specialem
572 2358 772 2429 gratimdinem
788 2376 818 2412 er
871 2359 967 2415 Deum
984 2358 1020 2417 ob

107 2425 241 2497 specialia
258 2425 396 2480 beneficia
414 2425 539 2496 ejusdem
556 2426 767 2481 testificandam.
832 2428 860 2482 el
876 2432 901 2483 3.
918 2428 957 2483 ad
973 2428 1020 2485 de·

107 2495 255 2561 votionem,
273 2494 298 2547 ei
315 2494 428 2566 quidem
444 2494 572 2576 frigidior
586 2496 631 2560 sit,
649 2496 739 2549 acriue
755 2496 785 2551 in
798 2496 880 2552 nobie
892 2504 1020 2561 exercen-

109 2565 182 2619 dam.
219 2563 275 2620 Vel
294 2570 318 2619 l.
336 2564 372 2619 ob
389 2564 600 2630 adversitatem,
625 2565 725 2619 nostris
742 2564 865 2646 peccatis
883 2566 964 2620 nobie
981 2570 1020 2621 at·

107 2639 240 2696 tractam,
256 2649 308 2702 per
326 2632 521 2687 abstinentiam
547 2638 576 2687 et
593 2649 690 2703 preces
708 2633 816 2687 fehciua
833 2634 1020 2690 avertendam.

109 2704 223 2757 Errant
238 2700 325 2772 igitur
339 2703 489 2770 pontificii,
508 2703 574 2755 dum
592 2708 658 2757 vota
668 2700 723 2756 Dei
743 2702 849 2756 cultum
864 2708 893 2758 et
911 2700 1020 2759 merito·

107 2772 181 2825 rium
198 2776 227 2825 et
244 2769 377 2824 moralem
394 2770 517 2824 omnium
535 2771 690 2825 seculorum
707 2776 846 2838 statuunt,
866 2771 921 2826 ead

107 2841 145 2895 ad
163 2844 274 2893 aanctoe
291 2838 376 2892 etiam
396 2839 533 2911 dirigunt,
557 2845 646 2893 etatue
665 2839 731 2893 item
749 2839 949 2910 perfectionem
998 2838 1007 2854 ⁹

105 2907 254 2979 affingunt.
287 2906 362 2963 Vide
378 2909 517 2962 Bellcrm.
536 2909 553 2964 l
572 2914 595 2963 2.
614 2907 649 2962 de
666 2908 791 2962 monach.
807 2924 831 2962 c
844 2913 876 2963 16
889 2926 948 2992 seq.
961 2912 1020 2967 ta.

106 2978 226 3031 Petrum
244 2992 264 3028 a
284 2976 352 3030 Soto
372 2982 467 3032 essert.
488 2977 588 3031 cathol.
610 2977 645 3031 de
664 2978 736 3032 votis
753 2977 1020 3035 monartwurtem·

106 3045 186 3117 berg.
204 3043 235 3098 in
252 3044 369 3100 confere.
388 3063 416 3114 p.
439 3051 495 3101 144.
533 3046 724 3117 Argumenta,
751 3045 853 3117 quibua
871 3045 943 3101 hoec
979 3062 1020 3103 ro·

104 3113 173 3169 bare
193 3111 297 3168 frustm
322 3120 472 3182 conantur,
496 3113 640 3169 aolvrmtur
659 3121 681 3171 1.
698 3114 876 3186 homonymia
891 3133 911 3169 r
1011 3114 1020 3129 “

104 3188 216 3252 votum,
238 3198 290 3253 per
315 3183 391 3255 quod
415 3182 580 3253 intelligitur
598 3200 796 3255 nonnunquam
817 3184 1020 3255 synecdochice

102 3250 215 3323 integer
239 3251 331 3307 cultus
358 3250 425 3321 Dei,
448 3268 647 3324 nonnunquam
670 3259 737 3308 rota
759 3258 818 3308 tem
834 3252 943 3311 ratione
960 3250 1020 3311 effi·
