2250 3772
103 245 147 310 56
487 246 595 331 Caput
614 246 641 313 Ι.

192 411 267 477 Non
293 436 369 478 vero
396 414 552 501 abrogata
580 426 628 479 est
656 415 762 498 quoad
789 414 969 478 doctrinam
988 422 1022 479 et

105 496 339 562 obedientiam:
361 501 510 564 debitores
533 503 613 564 enim
632 518 746 577 caurus,
768 501 862 566 Rom.
876 500 908 577 8,
925 500 976 568 12.

176 614 246 682 (Lex
264 615 375 669 moralis
414 615 532 670 romittit
550 616 663 688 quidem
679 615 764 670 etiam
780 615 875 680 vitam,
895 615 946 671 aad
958 630 1023 687 per·

106 683 180 738 fecte
198 700 259 738 eam
280 689 401 738 amanti
422 702 463 754 ua,
477 687 559 755 juxta
577 684 662 739 illud:
691 684 740 756 qui
759 683 858 739 fecerit
874 700 910 739 aa
927 683 1024 753 bomo,

105 752 184 806 vivet
206 752 236 805 in
260 753 313 820 eis,
339 753 453 817 Gaas,
472 757 516 809 12.
550 754 592 808 At
616 770 679 808 cum
695 768 777 808 nemo
796 752 940 807 hominum
980 768 1023 808 er·

105 821 179 875 fecte
197 837 258 876 eam
276 837 385 877 servare
402 822 505 891 possit,
520 839 611 894 neque
617 821 734 944 puatitia
747 825 790 877 est
799 838 832 875 ex
843 821 916 892 lege,

106 893 135 958 3,
147 893 193 957 20,
211 890 261 943 sed
278 890 371 959 potius
389 891 547 960 exsecratio,
569 891 636 946 Ga.
656 894 684 958 3,
704 893 747 944 10.
776 890 881 945 Verum
899 907 967 945 cnm
983 890 1025 945 ab

106 958 294 1039 exsecratione
305 958 359 1014 hac
369 958 494 1013 Christus
510 976 561 1043 nos
578 958 733 1041 redemerit,
749 958 815 1014 Gal.
829 964 857 1022 3,
869 963 914 1040 13,
932 959 1025 1015 etiam

105 1026 1025 1168 illicilbfflnitissisli‘li,hiii⁸?unl⁰l¹¹⁵omid⁸a⁷i¹t⁰

106 1164 228 1218 cundum
246 1164 380 1244 Spiritum
399 1165 511 1235 vivunt,
528 1168 609 1220 Rom.
627 1172 643 1218 8
674 1171 691 1218 1
718 1182 770 1219 uec
787 1165 880 1236 quoad
897 1165 1024 1236 rigorem

105 1233 288 1287 exsecutionis
304 1233 349 1288 lex
360 1234 472 1288 moralis
484 1252 534 1289 nos
551 1233 666 1306 obligat.
691 1205 807 1287 interim
819 1239 914 1288 tamen
924 1234 1025 1304 quoad

106 1301 260 1356 doctrinam
279 1306 307 1356 et
325 1301 511 1357 obedientiam
528 1319 635 1372 semper
654 1319 704 1357 nos
721 1301 837 1373 obligat.
872 1303 925 1356 Eat
943 1303 1022 1357 euim

105 1370 221 1424 immota
240 1376 268 1424 et
287 1377 399 1425 aeterna
406 1372 535 1442 justitiae
546 1371 657 1425 divinae
673 1371 744 1425 ratio
755 1377 785 1425 et
795 1376 933 1451 perpetua
942 1372 1025 1427 vitae

106 1438 212 1510 regula,
232 1439 268 1492 ad
287 1456 369 1509 quam
386 1456 480 1495 omnes
494 1439 605 1494 omnino
615 1440 740 1494 homines
752 1439 920 1510 obligantur.
944 1440 1024 1506 Quia

105 1507 175 1561 haec
193 1508 322 1562 voluntas
334 1507 388 1563 Dei
407 1515 456 1577 est,
473 1514 506 1562 ut
523 1513 652 1563 creatura
663 1507 776 1562 obediat
786 1508 912 1576 creatori,
931 1525 949 1562 a
962 1526 1024 1580 qua

105 1575 265 1631 obedientia
276 1577 305 1630 in
318 1584 461 1631 aeternum
473 1594 529 1632 non
542 1577 701 1637 absolvitur,
722 1576 841 1647 ideoque
874 1584 1021 1647 erpetuam

106 1661 175 1715 erga
192 1662 222 1699 se
238 1652 267 1700 et
279 1651 433 1700 creaturam
446 1663 532 1715 suam,
552 1663 601 1700 suo
612 1651 706 1699 tamen
717 1645 822 1713 ordine,
880 1645 1020 1702 actionem

105 1713 230 1784 requirit.
267 1715 328 1778 Quo
348 1730 391 1768 res
412 1721 476 1770 ectu
493 1714 619 1770 Christus
643 1714 713 1768 dicit
732 1730 761 1767 ae
779 1730 835 1767 non
854 1715 964 1769 venisse
981 1715 1021 1769 ad

105 1781 280 1851 abolendam,
299 1781 348 1837 sed
364 1801 381 1836 a
418 1784 588 1854 implendam
605 1784 705 1853 legem,
724 1783 829 1836 Mattt.
848 1786 877 1861 5,Ι
892 1786 934 1837 17.
953 1786 1018 1853 18.)

106 1903 156 1967 13.
193 1903 295 1981 Quam
318 1907 413 1990 ipituu
442 1906 642 1967 obedientiam
670 1903 719 1966 lac
740 1904 866 1966 moralis
887 1928 907 1966 a
929 1906 1020 1970 uobis

489 1987 640 2073 requirit?

190 2096 339 2180 Requirit
368 2098 396 2160 1.
424 2097 566 2160 omnium
588 2095 718 2173 virium,
745 2107 891 2160 motuum
917 2109 949 2160 et
970 2097 1021 2162 af·

103 2180 246 2244 iactuum
272 2194 453 2245 nostrorum
476 2181 741 2267 perfectissimam
762 2192 794 2244 et
815 2204 889 2245 oum
910 2194 1020 2248 mente

104 2263 213 2328 divina
233 2266 431 2330 exactissime
453 2276 680 2351 congruentem
701 2265 924 2351 integritatem.

175 2381 273 2448 (Juxta
289 2381 373 2449 illud,
395 2384 481 2435 Dect.
499 2384 525 2447 6,
546 2387 581 2435 5:
606 2382 723 2449 Diliyca
747 2383 900 2436 Dominum
920 2384 1021 2437 Deum

104 2457 183 2503 tuum
201 2467 234 2503 aar
251 2459 309 2505 toto
329 2451 429 2517 corde,
453 2466 485 2502 ea
503 2457 562 2503 tcta
578 2451 688 2515 oritura,
714 2458 739 2503 et
759 2468 791 2503 ec
809 2452 875 2505 totis
899 2453 1020 2519 uirilitas,

105 2526 131 2572 et
143 2520 306 2588 paccianum
323 2520 396 2573 sicud
415 2527 440 2572 te
459 2519 579 2588 ipsum.)

123 2722 131 2738 .
157 2722 165 2736 .
190 2630 220 2703 2.
239 2638 432 2702 Absolutam
448 2648 478 2701 et
493 2649 679 2724 perpetuam
695 2637 909 2701 obedientiam
923 2661 1021 2722 prae·

103 2732 218 2872 apua
241 2807 326 2871 Tum
344 2807 494 2884 internas,
515 2817 582 2870 tum
605 2815 750 2870 externas
770 2806 910 2870 actiones
925 2830 945 2870 a
959 2829 1022 2872 uo-

102 2890 153 2956 bis
180 2891 290 2977 exigit.

174 3008 227 3075 (Ex
238 3009 280 3062 his
292 3010 379 3080 igitur
390 3015 469 3079 patet
480 3010 551 3080 legia
562 3009 675 3063 moralis
689 3009 799 3063 divinae
820 3014 849 3062 et
871 3008 1022 3065 moralium

103 3077 287 3131 humanarum
309 3085 403 3150 legum
429 3077 602 3145 differentia,
624 3094 696 3149 quae
721 3077 895 3148 potissimum
914 3094 932 3131 a
951 3077 1020 3132 sub·

99 3146 178 3215 jecta
194 3147 312 3201 materia
331 3147 511 3217 ejusdemque
532 3148 667 3216 adjuncta
688 3147 824 3217 qualitate
836 3153 864 3200 et
877 3145 1023 3216 requisitio

103 3214 265 3277 desumitur.
296 3216 360 3269 Hae
377 3231 508 3295 namque·
520 3222 543 3270 t.
562 3216 739 3337 praecrppipnt
756 3220 785 3295 et
802 3219 901 3268 vetant
918 3214 1023 3269 saltam

103 3300 189 3353 opera
214 3289 334 3340 externa.
375 3291 397 3338 2.
419 3283 576 3354 Requrruut
596 3301 632 3354 pe
698 3291 814 3338 ctonam
835 3285 973 3337 duntaxat
992 3291 1025 3339 et

19 3496 72 3544 h
