2250 3772
102 216 166 281 256
238 213 342 301 Caput
364 216 407 282 ΙΙ.
451 217 503 280 De
525 218 671 303 symbolo
695 217 879 305 apostoliae.

103 394 170 438 rora
189 392 211 439 5.
239 403 272 440 ex
295 386 394 439 iisdem
412 385 468 447 illi,
496 385 543 455 qui
566 387 610 440 rel
630 386 689 439 sola
706 387 863 466 gestatione
878 386 919 441 vel
931 380 987 439 uuis

104 455 189 508 etiam
206 454 407 509 inhabitatione
425 454 563 508 humanae
580 462 697 509 naturae
714 472 744 508 111
755 471 882 525 persona,
898 454 937 509 vel
947 448 987 507 sole

105 523 259 577 divinitatis
276 524 304 577 in
318 523 518 577 humanitatem
531 522 637 577 influxu
648 523 778 579 unionem
791 524 863 579 hane
873 520 989 579 defiuut

105 595 233 660 Martyr,
255 592 355 662 dialog.
376 592 411 645 de
430 592 538 646 duabus
559 598 648 647 natur.
666 610 694 662 p.
711 599 750 647 to.
784 593 896 647 Sadeel.
911 586 989 647 lib-lt

104 661 180 714 hum.
199 660 299 717 Christ,
317 667 374 720 nat,
395 678 455 731 cap.
466 668 490 715 4.
502 679 528 731 p.
543 666 599 715 173.
612 678 636 714 a.
674 662 777 716 Polan.
786 662 842 733 log.
855 662 874 715 l.
885 667 906 717 2.
916 678 940 733 p.
948 660 990 715 iti·

104 731 157 783 Est
175 730 247 785 enim
267 736 290 784 1.
308 737 417 801 gestare
438 735 466 784 et
490 728 647 784 inhabitare
672 734 750 784 aetus
770 730 913 785 secundus.
945 728 991 783 Nn

105 816 172 868 ergo
192 799 273 868 plene
292 806 384 853 aetum
397 799 572 868 personalem
585 798 721 869 exprimit.
754 797 890 854 Omnibus
903 804 924 855 2.
935 810 991 851 oret·

104 868 174 920 turis
195 868 334 936 competit.
371 868 472 921 Omnia
491 874 584 936 portat
605 869 699 934 verbo,
718 868 805 921 Hebr.
824 872 850 936 1,
869 872 896 938 3,
911 864 992 935 inipso

105 952 247 989 movemur
265 944 292 990 et
311 954 419 1004 sumus,
444 941 506 989 Aet.
525 940 566 1000 17,
587 942 631 992 28.
664 935 837 992 Inhabitatio
856 944 880 993 3.
897 934 992 1007 patos

105 1005 233 1058 omnibus
257 1006 359 1059 sanetis
383 1006 520 1060 convenit.
554 1008 609 1059 Eat
638 1005 724 1076 igitur
751 1007 821 1059 haee
833 1000 992 1075 philosoplis

104 1074 341 1138 haeretieisaimo,
362 1076 428 1143 qnia
446 1075 527 1142 fiops‘t
544 1075 653 1127 Filium
671 1075 732 1128 Dei
747 1074 992 1129 assentacione

104 1152 327 1205 repatriaturum,
346 1144 421 1197 velen
441 1152 507 1197 actu
525 1146 655 1212 stratocle,
677 1144 792 1197 Lethes.
806 1145 841 1199 de
855 1140 993 1198 &menbri-

106 1216 126 1266 t.
147 1217 172 1266 2.
192 1210 336 1267 Wittemb,
361 1229 446 1282 germ.
463 1211 483 1268 f.
505 1217 562 1267 228.
582 1212 622 1280 b.)

108 1332 158 1398 14.
198 1330 309 1408 Quales
331 1344 402 1395 sunt
418 1335 677 1415 praedicationes,
700 1358 769 1397 eum
790 1334 880 1397 Deus
901 1335 933 1397 de
949 1329 992 1392 le·

252 1420 342 1500 raino,
365 1429 392 1481 et
413 1418 502 1480 leonto
525 1420 562 1480 de
580 1418 652 1481 Deo
673 1418 879 1482 annunciatur?

192 1516 274 1582 Sunt
296 1519 390 1603 plane
411 1518 580 1582 inusitatae
602 1532 632 1581 et
656 1518 851 1603 singulares,
875 1518 992 1599 adeoque

106 1604 290 1689 personales
311 1603 372 1666 diei
395 1616 537 1687 possunt,
559 1604 634 1686 quia
652 1603 804 1667 unionem
819 1600 993 1691 personalem

106 1689 243 1751 duarum
264 1700 448 1752 naturarum
470 1688 503 1751 in
525 1687 653 1753 Christo
677 1699 824 1788 arguunt,
847 1698 993 1767 earumqtll

107 1773 165 1849 vis,
188 1785 316 1856 natura,
339 1773 454 1837 veritas
476 1785 506 1837 et
530 1773 686 1838 connexio
707 1796 748 1837 ex
768 1797 886 1838 umone
908 1786 994 1859 peret>-

106 1859 172 1922 nali
188 1859 364 1942 judicanda
386 1874 441 1922 est.

178 1960 348 2021 (Istiusmodi
367 1957 588 2029 praedicationes
606 1963 685 2011 suntz
707 1958 795 2012 Filius
806 1959 860 2012 Dei
879 1952 994 2012 estitit·

106 2030 227 2099 Mariae,
255 2037 282 2083 et
305 2028 439 2088 visissim,
466 2027 555 2079 Filius
575 2026 680 2081 Mariae
699 2034 741 2082 est
757 2028 844 2084 Deus.
882 2020 995 2080 Deusesl

107 2098 205 2167 hom03
225 2099 270 2152 hie
289 2098 370 2151 homo
389 2104 431 2150 est
449 2096 535 2157 Deus,
557 2098 583 2147 2.
606 2095 682 2150 Sam.
703 2100 724 2164 7,
747 2100 787 2150 19.
824 2096 940 2151 Germeu
953 2090 994 2147 1)ss·

106 2167 178 2220 vidis
199 2173 241 2220 est-
257 2165 394 2232 Jehovah‚
410 2167 471 2218 Jer.
491 2167 537 2227 23,
556 2168 582 2229 5,
598 2173 625 2216 et
644 2182 666 2217 e.
686 2168 732 2234 33,
753 2170 796 2221 15.
833 2165 919 2219 Filius
930 2162 995 2216 honr

108 2236 151 2288 nis
168 2242 210 2288 est
228 2233 469 2299 FiliusAltissimi,
489 2234 593 2286 Matre.
608 2236 651 2299 16,
671 2238 713 2288 16.
741 2233 830 2287 Filius
841 2232 951 2287 Davidts
966 2226 995 2281 dl

108 2303 245 2357 Dominus
270 2302 401 2371 Davidis,
427 2303 529 2355 Motth.
550 2304 596 2369 22,
614 2305 658 2359 43.
695 2302 777 2366 Quod
800 2307 898 2356 natum
919 2304 955 2356 est
971 2306 995 2347 ⁰¹

109 2373 216 2438 Maria,
240 2378 282 2425 est
300 2371 388 2424 Filius
407 2370 557 2436 Altissimi,
584 2373 653 2423 Luc.
673 2376 698 2439 1,
718 2374 763 2425 32.
801 2372 889 2425 Filius
907 2367 954 2424 Dei
965 2360 1002 2418 etl

110 2460 144 2495 ex
161 2441 264 2494 semine
281 2440 383 2497 David,
402 2442 483 2494 Rom.
493 2444 517 2502 1,
537 2442 562 2492 3.
601 2439 635 2493 In
653 2439 696 2492 his
717 2440 789 2495 enim
810 2438 949 2510 exemplis:
962 2428 995 2489 ll·

107 2510 162 2565 lius
181 2510 288 2563 Mariae
306 2515 347 2562 est
363 2509 451 2562 Filius
468 2508 522 2562 Dei
547 2509 743 2579 personaliter,
766 2508 820 2564 hoe
843 2514 899 2579 est,
920 2498 997 2580 perti

108 2586 222 2651 propter
239 2578 368 2632 unionem
381 2577 562 2648 personalem,
582 2578 647 2647 quia
657 2578 890 2632 humananatura
901 2578 928 2632 in
939 2571 995 2629 chn-

107 2656 150 2703 sto
170 2648 282 2718 propria
299 2646 444 2717 hypostasi
461 2646 595 2700 destituta
616 2646 646 2700 in
678 2647 767 2728 ipsam
785 2646 870 2727 λόγου
888 2636 997 2727 hypati:

109 2718 152 2771 sin
170 2724 213 2770 est
233 2722 377 2786 assumpta
399 2724 428 2770 et
449 2716 478 2769 iu
506 2716 602 2769 eadem
621 2715 755 2770 subsistit
791 2715 837 2771 Sre
861 2715 943 2769 Films
956 2708 997 2765 De

109 2792 152 2841 est
168 2786 257 2839 Filius
276 2784 381 2839 Mariae
398 2784 593 2855 personaliter,
618 2784 670 2838 hoc
695 2790 738 2839 est
750 2790 874 2906 propter
890 2784 998 2849 unioetss!

769 2872 776 2906 1

108 2855 294 2935 personalem,
323 2853 389 2925 quia
417 2852 573 2924 hypostasis
604 2861 721 2909 naturae
780 2853 860 2908 vinae
882 2850 944 2907 Filii
957 2846 998 2903 De

108 2943 165 2978 non
181 2923 307 2978 subsistit
324 2930 400 2977 extra
415 2922 487 2975 hane
497 2922 711 2990 humanitatem,
729 2922 779 2977 sed
791 2928 832 2977 est
844 2939 901 2976 non
911 2922 999 2975 tntum

111 3009 177 3046 suae
195 2991 314 3060 divinae,
332 3009 427 3046 verum
447 2990 530 3045 etiam
549 2989 632 3043 hu'us
648 2991 787 3045 humanae
804 2996 920 3046 naturae
930 2988 1000 3063 hyp}t

110 3061 200 3115 stasis.
238 3061 282 3115 De
298 3060 341 3113 his
361 3075 479 3130 sequeus
498 3010 650 3113 notanlum
662 3060 786 3114 axioma:
800 3068 921 3129 propter
937 3064 1001 3110 aare

109 3148 172 3182 nem
191 3132 312 3183 datarum
330 3137 499 3182 naturarum
518 3130 546 3179 in
568 3129 679 3183 Christo
700 3129 892 3199 personalem,
910 3130 1003 3183 eom

109 3208 168 3251 tum
185 3200 269 3251 arsiae
286 3206 407 3251 naturae
426 3205 500 3249 reete
519 3206 544 3249 et
561 3214 624 3249 vere
637 3198 827 3267 praedicator
840 3200 875 3251 de
893 3192 1004 3251 cormeill

109 3268 228 3321 alterius
246 3276 375 3323 rtatrsroe.
406 3266 477 3321 Dico
495 3275 664 3330 concretum,
682 3284 738 3320 non
757 3266 832 3321 enim
849 3266 1011 3321 urantur*
