2250 3772
104 284 196 334 xm
363 259 526 326 Praefatio
549 260 589 326 ad
610 262 770 332 lectorem

103 441 175 502 item
201 434 342 499 materiis
370 433 569 516 necessariis,
605 436 785 520 quandoque
814 438 904 502 etiam
925 458 1018 521 quae-

103 523 251 587 stionibus
266 521 364 604 plone
384 518 470 580 esocis
503 519 547 580 ita
567 517 767 603 locupletatus
790 533 817 584 et
837 522 1015 606 instructus,

102 621 137 672 ut
169 609 206 670 ob
239 628 343 669 rerum
375 614 585 666 contentarum
617 605 739 686 copiam
778 630 814 669 ae
844 603 1016 669 ubertatem

105 694 219 777 optimo
241 714 295 754 suo
328 690 433 752 merito
457 688 548 751 totius
569 687 751 775 theologiae
774 703 802 754 et
833 689 1015 777 compendii

104 791 132 842 et
160 772 341 862 systematis
370 774 434 836 loco
465 794 527 836 esse
549 777 660 858 possit.
700 777 800 841 Deme
821 779 1015 860 quaestiones

104 875 329 944 controversas,
362 858 485 922 habebis
507 861 727 960 compendium.
770 861 861 925 Adde
881 864 1013 939 easdem,

105 951 276 1031 lorumque
297 945 428 1011 solidam
450 954 478 1005 et
498 956 680 1009 succinctam
703 948 899 1032 decisionem,
919 969 1014 1031 eupe-

104 1034 194 1098 rs'eris
228 1043 360 1118 systema
383 1030 498 1113 paucis
528 1029 626 1094 multa
658 1032 769 1098 dicens.
825 1033 875 1117 ῌ.
902 1032 1015 1096 Omnes

109 1120 291 1202 scripturae
317 1139 341 1178 s.
369 1117 520 1178 dictorum
548 1115 752 1200 allepatomtm
779 1119 820 1181 cit
837 1118 936 1181 'tiones
963 1140 1013 1179 re-

105 1205 242 1306 copnitae
263 1213 291 1265 et
312 1226 332 1264 a
346 1201 465 1263 mendis
484 1212 678 1284 repurpatae.
721 1203 791 1267 III.
817 1201 946 1286 Sinpula
972 1203 1014 1266 si·

104 1289 216 1352 militer
237 1286 303 1348 PP.
328 1286 417 1369 dicto,
440 1287 663 1349 controversiae
684 1308 737 1350 nec
757 1289 858 1350 minus
873 1289 1014 1369 refertim

99 1375 286 1458 productae,
315 1373 357 1435 ad
378 1371 565 1452 reliquorum
581 1373 721 1454 parentis
753 1373 939 1458 scriptorum
967 1372 1015 1437 vel

106 1480 267 1522 sacrorum
285 1455 332 1518 cel
353 1477 414 1516 non
430 1477 592 1518 sacrorum
606 1456 863 1538 conformitatem,
885 1479 921 1519 en
935 1459 1014 1540 ipsis
1029 1519 1033 1527 ,

1 1564 2 1570 ¹
105 1555 248 1606 autorum
263 1539 422 1623 fontibus,
450 1540 590 1622 allepotis
611 1542 703 1604 simul
722 1542 821 1618 libris,
848 1544 1014 1626 capitibus,

104 1629 261 1703 columnis,
276 1625 376 1709 foliis,
399 1625 494 1687 literis
513 1626 584 1688 item
598 1636 626 1689 et
641 1628 777 1691 numeris
792 1627 1013 1711 columnarum,

105 1715 134 1776 si
154 1714 262 1798 quibus
285 1711 428 1774 editiones
448 1720 581 1784 notatae,
603 1732 665 1774 non
679 1713 743 1774 sine
758 1733 870 1796 mapno
892 1736 928 1775 ac
950 1722 1014 1776 tae-

104 1800 199 1882 dioso,
224 1797 307 1882 quod
326 1796 388 1857 nisi
398 1805 540 1877 oupertus
561 1796 613 1858 oia
635 1797 746 1879 credat,
769 1798 870 1862 labore
886 1798 937 1878 (in
953 1819 1014 1880 quo

105 1883 214 1946 nobilis
236 1881 389 1964 literisque
414 1880 550 1943 eccultus
564 1881 613 1943 eir
626 1879 693 1948 Dn.
708 1882 872 1946 Jolsann
888 1879 1015 1945 Otan-

104 1970 178 2032 rad
199 1965 362 2048 Manpol
368 1967 389 2029 d
395 2012 405 2041 ‚
423 1966 578 2048 patricius
590 1965 885 2052 Ravensburpensis,
900 1969 1014 2050 fautor

105 2054 285 2125 demicus,
314 2049 391 2112 milii
418 2050 614 2134 sinpuluriter
635 2051 775 2128 dilectus,
803 2054 1014 2136 investipando

105 2139 248 2221 inprimis
264 2137 346 2199 dicta
360 2134 426 2198 PP.
438 2158 548 2198 manus
563 2137 663 2199 socias
684 2138 824 2220 pnoeiter
839 2136 1013 2223 porreuit),

106 2223 182 2283 data
206 2221 284 2301 fide,
318 2221 418 2281 recisa
445 2229 472 2281 et
502 2219 631 2301 adjecta.
675 2221 721 2284 Et
749 2220 805 2285 lsoc
829 2223 871 2285 B.
893 2224 1014 2305 penitor

105 2327 188 2369 meus
217 2304 374 2388 peculiare
403 2304 499 2367 habet.
543 2303 612 2367 Par
632 2304 658 2365 I
663 2305 696 2369 V.
712 2307 795 2389 fides
818 2319 846 2369 et
867 2306 1013 2370 sedulitas

105 2393 137 2454 in
152 2391 284 2454 aliorum
299 2400 443 2452 autorum
458 2387 596 2472 allepatis
613 2388 765 2466 adhibita,
789 2393 919 2475 acceptis
928 2415 1014 2475 pau-

104 2477 163 2559 cis,
194 2496 323 2558 quorum
354 2474 391 2535 ob
419 2473 559 2556 inopiam
586 2474 678 2537 nudis
699 2475 916 2560 ailepatoribus
935 2478 1014 2557 fides

97 2562 165 2645 fnit
199 2560 347 2623 habenda.
400 2557 554 2622 Autorum
588 2561 714 2643 insuper
750 2563 784 2627 V.
812 2562 1015 2646 allepatorum

107 2657 170 2708 tum
193 2660 370 2719 sacrorum,
394 2653 457 2704 tum
473 2645 699 2727 profanorum,
721 2669 789 2710 cum
811 2648 932 2710 curioso
947 2648 987 2731 pl
1002 2684 1014 2696 ·

105 2745 273 2812 rerumque
298 2730 397 2792 obitus
416 2730 573 2813 indapine‚
597 2730 753 2815 ratalopus
769 2733 947 2815 praeduris,
969 2734 1015 2796 in·

105 2816 197 2878 simul
216 2816 307 2878 etiam
326 2816 362 2878 ob
383 2813 493 2876 lorum
515 2815 546 2877 in
566 2816 748 2880 editionibus
761 2820 938 2880 uarietatem
954 2839 1015 2902 eae,

106 2903 214 2985 quibus
245 2900 295 2962 usi
324 2922 446 2975 seimus,
471 2899 544 2962 locis
571 2911 598 2964 et
618 2901 708 2964 annis
730 2902 940 2985 impressionis
960 2927 1015 2966 au·

104 2987 201 3062 neeis,
225 2984 383 3067 speciatim
406 3006 576 3068 cupressae.
628 2986 682 3050 VI.
704 2984 867 3050 Coronidis
886 2988 948 3050 rice
970 2990 1015 3050 in·

106 3072 188 3134 dices
209 3070 415 3145 necessarios,
435 3081 612 3146 accuratos,
634 3091 771 3135 necnon
793 3074 864 3134 vlissei
890 3082 941 3134 tuo
963 3075 1017 3136 ad·

104 3156 228 3219 modum
244 3156 404 3239 proficuos
425 3156 565 3238 reperies.
611 3156 699 3219 Haec
720 3157 842 3239 aliaque
857 3159 1016 3222 recondita

101 3239 200 3324 pluro
230 3241 264 3303 in
293 3241 421 3304 editione
454 3240 511 3305 lsac
532 3242 716 3305 catecheseos
734 3242 844 3305 ultima
860 3245 1016 3324 praestita

105 3327 196 3405 scios,
220 3325 332 3409 quibus
357 3326 472 3408 (donec
500 3324 642 3392 homilias
665 3326 704 3397 in.
724 3326 923 3392 ecclesiastem
936 3348 1017 3412 pro·
