2250 3772
338 241 489 329 Epistola
511 241 716 308 dedicatoria
927 261 1007 308 xvn

88 413 167 476 cubis
187 391 264 475 bis
257 414 334 476 meis
356 424 460 477 actum
481 434 569 498 cqere
589 414 725 512 uiderer,
751 435 891 481 amouere
911 438 1007 515 quom

87 498 271 580 saepissime
291 499 383 561 anuie
404 520 523 562 mecum
544 498 715 581 coqitarim.
775 497 890 561 Verum
925 501 1007 565 enim

87 603 161 645 cero
183 604 253 644 cum
284 583 427 646 olium
414 605 441 644 is
461 594 493 645 ct
494 605 551 667 que
572 604 625 665 eqo
639 583 841 681 propositum
860 585 921 648 sibi
940 606 1006 658 sco-

80 689 166 752 pum
198 667 357 751 babuerit,
389 689 504 751 suaque
536 667 682 730 cotecbet
656 677 717 728 tica
744 668 777 731 in
804 668 1006 752 Beqnamm

86 751 295 834 Aupustanae
313 715 513 834 coiifessionis
535 752 731 815 ecclesiarum
745 754 881 834 qratiam
903 754 1006 818 edide-

87 837 133 898 rit
154 837 284 934 ideoque
305 837 531 901 controuersias
538 836 721 935 plerasque
736 836 884 918 pluribus
908 861 1005 922 arqu-

85 921 199 984 mentis
223 922 444 1006 pertractarit,
473 921 629 1019 uariisque
660 920 877 1020 objectionibus
906 934 934 985 et
954 945 1005 988 re-

87 1005 307 1103 sponsionibus
329 1006 398 1070 iiius
400 1005 507 1082 trarit,
540 1018 567 1069 et
588 1004 675 1067 boc
662 1026 731 1088 ipso
752 1007 797 1068 ad
817 1005 1005 1070 adultiorum

80 1091 255 1189 praecipue
275 1112 367 1152 usum
387 1054 569 1189 oppbicbrit‚
601 1089 683 1164 clia,
715 1112 776 1173 qua
809 1088 1005 1155 scholasticae

85 1174 243 1256 imprimis
255 1174 412 1256 juventuti
431 1174 649 1251 consuleremur,
663 1175 896 1258 procedendum
917 1177 1006 1238 nobis

87 1279 153 1322 esse
174 1257 315 1321 metbodo
328 1259 550 1337 judicavimus.
594 1259 637 1320 In
661 1279 749 1341 quem
771 1260 866 1337 finem
881 1263 1005 1342 praeci-

37 1368 42 1373 ·
79 1364 170 1441 pucs
191 1343 382 1423 definitiones
405 1355 433 1406 et
447 1345 647 1424 quaestiones
653 1354 820 1418 annotare,
846 1342 932 1406 bos
918 1367 1005 1443 cprsas

86 1427 196 1491 dein
182 1449 216 1488 m
231 1427 414 1510 parenthesi
434 1427 528 1512 topice
547 1427 711 1511 eupbicare,
733 1438 762 1489 et
782 1429 880 1490 uariis
896 1429 1006 1494 euinde

87 1513 258 1594 desumptis
273 1513 482 1575 amomctibus
497 1511 678 1611 tbeobqqicis‚
701 1512 918 1612 objectionibus
933 1515 1005 1576 item

86 1607 118 1659 et
149 1597 402 1678 responsionibus
422 1599 610 1743 praecipuis
635 1598 831 1678 interspersis
859 1620 1004 1661 nonnun-

151 1704 192 1763 m,
215 1703 394 1764 quanquam
415 1684 531 1757 rarius,
547 1706 595 1766 pc
598 1692 680 1743 trum
701 1683 897 1764 quorundam
902 1682 1004 1780 flori-

87 1703 151 1829 bii
175 1765 333 1829 iilustrare
358 1767 517 1844 coluimus.
559 1767 661 1849 quue
688 1786 740 1847 eo,
764 1786 802 1828 ne
830 1766 929 1829 nimia
951 1767 1004 1829 ob-

78 1850 251 1933 jectionum
272 1874 309 1913 ac
326 1852 560 1949 responsionum
580 1813 807 1914 multitudine
787 1850 927 1948 juniores
950 1852 1004 1912 ob-

86 1946 262 2011 ruerentur,
284 1936 456 2017 superiores
476 1958 548 2000 uero
563 1936 606 1998 ad
620 1935 739 1998 altiora
752 1934 897 1997 euercitia
913 1935 1006 1996 euecti

84 2043 153 2082 una
181 2022 344 2102 eademque
377 2042 473 2104 opera
499 2021 629 2120 loqicam
652 2018 743 2081 simui
757 2020 1004 2102 praecipuorum

84 2114 338 2253 arqumentorum
360 2107 461 2169 sedem
476 2106 682 2188 perciperent,
705 2103 906 2184 objectionum
924 2102 1004 2167 tino

138 2191 260 2252 icarum
276 2190 439 2253 solutiones
454 2211 544 2335 quasi
539 2189 648 2251 abiud
662 2199 783 2288 qqentes
801 2189 1003 2252 addiscerent.

84 2189 152 2337 Hic
169 2275 243 2356 finis
266 2285 369 2337 noster
389 2284 441 2356 est,
463 2273 519 2337 boc
534 2274 695 2357 propositi
711 2273 813 2336 nostri
833 2272 1003 2341 consitium.

91 2357 162 2438 Quo
188 2369 291 2423 tcmen
321 2359 437 2421 nemini
459 2360 534 2440 quid
562 2361 612 2422 det
601 2368 751 2434 tractum,
783 2356 1003 2421 multominus

79 2445 333 2542 praescriptum,
363 2443 418 2506 sed
445 2445 565 2508 saniori
592 2443 724 2524 cujusvis
745 2443 866 2525 judicio
896 2464 934 2505 cc
954 2444 1003 2506 di-

85 2529 234 2592 scretioni
254 2550 342 2593 omne
362 2527 538 2592 derelictum
559 2528 708 2602 uolumus,
729 2526 889 2592 consilium
911 2527 1003 2589 etiam

85 2612 143 2676 boc
166 2626 306 2676 nostrum
327 2614 504 2687 immutari,
525 2613 580 2675 ubi
600 2613 731 2675 candide
755 2622 782 2673 et
802 2614 898 2676 amice
919 2637 940 2675 a
960 2615 1003 2675 oi-

85 2699 133 2760 ris
148 2699 235 2760 bonis
251 2708 279 2760 et
293 2698 432 2761 discretis
445 2699 558 2762 rectius
568 2697 722 2761 admoniti
735 2697 867 2774 erimus5
889 2717 1002 2780 aequos

83 2783 204 2847 interea
221 2803 324 2846 omnes
345 2783 440 2844 bonos
459 2781 515 2844 boc
538 2781 692 2880 quidem'
680 2804 714 2844 m
734 2782 873 2843 instituto
894 2791 1001 2842 nostro

82 2867 203 2948 iudices
223 2889 279 2932 nos
300 2865 387 2930 babit
375 2877 456 2930 turos
478 2888 541 2930 esse
569 2867 693 2929 omnino
714 2866 907 2963 confidentes
947 2863 1002 2926 De

89 2953 199 3035 quibus
226 2951 336 3035 plura
352 2951 446 3014 boc
433 2951 551 3017 cnloco
577 2951 670 3015 uerba
684 2951 840 3033 facerem,
872 2949 934 3012 nisi
930 2947 1001 3032 qel

87 3038 151 3099 tria
174 3036 317 3119 sufficere
326 3056 423 3181 posse
438 3037 652 3099 eristimcrem.
685 3033 741 3096 Ad
753 3055 816 3115 uos,
831 2997 1000 3097 admodum

84 3122 247 3186 reverendi
265 3131 293 3183 et
314 3120 432 3184 clariss.
451 3119 517 3184 Dn.
540 3118 606 3204 Sup
608 3121 674 3181 erin
676 3081 842 3192 tendentis,
870 3117 1002 3201 tbeoloqi

84 3205 285 3281 celeberrimi,
307 3205 475 3268 uenerandi
495 3215 523 3268 et
536 3144 705 3267 doctissimi
718 3202 837 3266 domini
844 3214 999 3287 pastores,

84 3291 304 3376 spectatissimi
328 3301 357 3353 et
380 3289 618 3372 prudentissimi
644 3287 764 3352 domini
795 3288 933 3353 consules
963 3310 1000 3350 ac

818 3395 833 3436 b
