2250 3772
422 112 473 175 De
496 112 664 176 creatione.
941 111 1002 174 221

102 279 137 335 ad
154 286 229 336 extra
264 282 378 334 Errant
396 278 482 350 igitur
503 285 525 335 1.
543 281 725 340 Manichaei,
745 279 794 350 qui
811 280 881 332 duos
899 284 1005 335 creato-

104 364 145 402 res
159 349 316 416 carmanos,
331 366 419 403 unum
436 348 516 415 boni,
541 349 660 402 alterum
676 348 744 402 mali
760 347 911 419 fingebant.
945 349 1005 402 Aa·

109 419 217 484 nunnae
233 418 270 472 ad
289 417 445 488 quod-vult.
463 417 568 472 haeres.
579 423 623 472 46.
641 423 661 470 t.
677 422 700 472 6.
719 417 769 472 col.
781 423 814 471 20
825 416 861 473 D.
894 419 1006 470 Errant

60 516 62 529 ι
110 487 319 555 tentatori,
339 485 507 553 Simoniani,
521 487 694 555 Nicolaitae,
710 486 918 548 saturniniani,
936 486 1005 540 Oar-

110 557 263 676 ffiotionn
284 555 428 623 Gnostici,
447 555 505 678 lii&
522 555 638 626 angelos
656 555 753 608 mundi
772 560 910 610 creatores
929 554 1003 609 dioe-

157 628 174 679 t.
200 623 263 680 vid.
282 624 429 693 Epipiran.
509 630 531 677 1.
551 624 655 678 haeres.
668 629 710 680 23.
727 630 746 677 t.
757 629 782 680 2.
801 642 829 694 p.
841 629 872 678 32
891 629 919 677 et
937 623 1003 678 hae-

116 697 183 748 rao.
198 693 353 747 nominatis.
384 695 498 745 Errant
516 697 540 746 3.
559 693 768 759 antitrinitarii‚
787 691 837 763 qui
853 692 957 745 Filium
976 698 1004 747 et

118 755 222 826 Spiritum
248 767 378 816 sanetum
403 761 433 814 in
465 778 549 830 opere
578 761 724 817 creationis
756 778 812 814 non
841 760 1004 829 efficienter,

117 830 257 898 Qualiter,
279 830 330 885 sed
352 829 599 884 instrumentaliter
620 835 748 900 operatos
771 829 857 884 fuisse
874 829 1003 910 blasphe-

118 902 181 952 mant.
211 898 276 955 Viti.
304 900 345 951 D.
372 899 459 952 Pani.
489 899 662 953 Tarnooiani
686 898 716 952 in
741 898 804 952 libr.
829 899 863 952 dc
881 898 1006 953 trimtate

118 970 191 1021 mota
199 967 292 1023 Faust.
317 966 409 1022 Socin.
424 986 453 1037 p.
464 972 522 1021 897.
541 973 591 1022 993
604 975 633 1021 et
644 973 704 1024 997.
731 970 841 1021 Errant
852 973 875 1022 4.
885 968 1004 1035 Ariani,

120 1031 273 1099 inpetrem
294 1053 392 1090 verum
415 1037 506 1090 Deum
533 1052 602 1106 opus
623 1036 769 1090 creationis
786 1035 934 1107 indignum
953 1053 1005 1090 sua

119 1102 291 1160 excellentiore
311 1110 413 1173 ntasse,
431 1104 551 1175 ideoque
563 1104 643 1167 Filio,
664 1111 696 1157 ut
708 1104 815 1167 minori,
834 1104 1004 1159 commisisse

120 1176 228 1242 meant,
254 1123 394 1255 titianas.
414 1178 483 1228 orat.
499 1178 525 1253 β.
545 1179 641 1253 eontra
660 1173 755 1227 Arian.
774 1180 839 1228 tom.
860 1181 882 1231 1.
899 1191 927 1253 p.
943 1179 1003 1241 205,

120 1237 172 1315 [φάο
192 1249 218 1297 et
240 1247 397 1296 mlmstrum
421 1249 583 1311 creatioms,
609 1260 665 1296 non
683 1247 834 1297 creatorem
851 1247 1005 1309 nominant,

119 1301 220 1428 mitat
237 1311 342 1365 Athen.
362 1327 426 1364 cum
443 1311 512 1364 Ario
540 1311 568 1364 in
591 1311 689 1366 concil.
708 1310 804 1366 Nicen.
823 1311 958 1367 habitat
981 1317 1004 1368 1.

60 1391 66 1425 f·
171 1396 222 1433 nm.
240 1398 266 1450 p.
285 1385 318 1434 84
328 1379 363 1436 B.
383 1379 418 1435 C..
450 1379 488 1432 ΙΙ.
497 1379 629 1448 Materia,
648 1398 681 1435 ex
695 1380 794 1443 nihilo,
811 1382 898 1434 Hebr.
915 1383 957 1447 11,
976 1382 1004 1435 3.

60 1442 63 1452 “
119 1439 194 1521 Enil,
208 1451 254 1505 24.
283 1449 419 1502 Proceri.
429 1451 453 1515 8,
472 1451 516 1503 24.
545 1451 661 1512 Romi,
681 1454 724 1505 17.
760 1449 819 1505 Ubi
836 1453 902 1503 nota
922 1466 1001 1518 seqq.

60 1510 65 1567 ‚²
118 1520 238 1572 menan:
262 1524 284 1572 1.
302 1517 455 1572 creationis
472 1535 529 1569 non
546 1525 588 1569 cat
604 1519 725 1570 materia
744 1535 776 1569 en
797 1535 860 1586 qao,
880 1519 934 1570 aad
946 1525 1002 1570 ter·

118 1579 184 1637 mian
199 1604 216 1638 a
227 1603 297 1654 qno:
316 1585 390 1656 quia,
410 1602 474 1638 cum
483 1601 528 1639 res
540 1603 596 1639 non
608 1592 707 1652 essent,
725 1584 786 1641 Deo
801 1586 920 1652 dicente,
941 1603 1002 1640 esse

61 1678 65 1689 ·
118 1658 247 1719 cernunt.
287 1655 388 1724 Itaque
413 1660 437 1708 2.
464 1654 525 1707 eolo
546 1662 628 1719 nata,
638 1656 727 1723 jassa
741 1663 767 1707 et
785 1655 926 1709 volontate
944 1655 1006 1707 Dei

60 1758 67 1789 ι,
118 1714 195 1797 Q
209 1724 307 1777 labore
324 1724 420 1775 omnia
437 1730 541 1776 creata.
576 1728 599 1776 3.
621 1725 751 1777 Materia
760 1741 875 1792 oporam
885 1723 1004 1776 creatio·

116 1796 148 1836 Μ
167 1799 202 1844 nt
221 1799 331 1845 tantam
348 1792 499 1860 anoioqica
521 1799 548 1844 ot
572 1792 740 1861 impropria.
779 1798 804 1846 4.
830 1791 951 1853 Quando
971 1809 1003 1845 cn

116 1850 182 1929 tilio
195 1859 289 1914 onmia
307 1868 405 1913 creata
420 1862 565 1929 procincta
584 1862 732 1926 dicantar,
750 1861 824 1914 niiiii
843 1861 1004 1927 neqatiornn

115 1925 269 1997 {miliaton
287 1928 318 1982 id
338 1935 393 1994 est,
412 1945 446 1982 ex
465 1928 606 1982 nullaalia
628 1929 830 1999 praeexistente
848 1928 908 1983 sive
923 1945 1003 1998 prae·

60 2024 63 2046 ÷
113 1998 199 2051 lltmte
216 1996 341 2054 materia.
379 1997 479 2066 Itaque
498 2004 521 2051 5.
539 1999 688 2065 perticata
706 2014 753 2066 ex,
781 1995 843 2052 toc'
857 1998 919 2050 ioco
946 2015 1003 2051 non

113 2069 205 2118 wion
215 2066 401 2134 materialem,
414 2083 447 2120 ex
462 2083 517 2146 qua
530 2065 636 2136 aliquid
651 2066 708 2133 fiat,
726 2069 778 2120 aeri
790 2067 919 2120 ordinent
931 2069 1002 2119 dan-

111 2126 172 2203 itwt
185 2135 337 2204 riynffioot
363 2143 390 2188 et
408 2135 599 2188 tabitudinem
618 2153 721 2189 aaaron
742 2136 913 2203 materialia,
931 2153 1003 2216 quae

111 2200 250 2273 mentirer
265 2209 394 2274 negatur.
433 2202 505 2266 Quia
525 2209 546 2257 1.
574 2204 675 2259 creatio
699 2203 777 2258 facta
796 2211 838 2259 est
855 2205 884 2258 in
902 2205 1004 2274 princi·

111 2272 154 2330 1²10,
166 2287 224 2325 cum
235 2287 328 2343 neque
338 2278 456 2340 tempus,
470 2289 560 2342 neque
572 2273 689 2326 materia
700 2280 780 2328 esset.
811 2273 883 2337 Quia
894 2279 918 2328 2.
930 2291 1003 2326 unus

109 2335 136 2383 el
149 2339 213 2394 olus
236 2340 316 2395 Deus
342 2346 480 2394 aeternus.
522 2340 640 2397 Materia
664 2341 751 2412 igitur
777 2349 924 2396 coaeterna
942 2358 1004 2397 esse

111 2409 156 2457 nen
174 2410 268 2477 potuit.
310 2409 383 2473 Quia
407 2414 432 2463 3.
450 2408 583 2479 quioquid
601 2417 656 2477 est,
683 2418 733 2464 aut
748 2417 790 2465 est
809 2417 930 2473 creator,
954 2417 1003 2465 aut

110 2478 225 2532 0rectura.
260 2477 397 2532 creatura
411 2484 453 2532 est
471 2494 488 2530 a
506 2484 639 2533 creatore.
675 2479 751 2550 Ergo
773 2480 825 2533 erit
844 2485 892 2533 aut
912 2495 945 2533 ox
960 2497 1002 2534 es·

108 2543 182 2599 serta
196 2547 264 2616 ejus,
282 2546 358 2617 quod
375 2553 418 2599 est
434 2545 586 2600 absurdum
603 2547 657 2613 (sic
670 2548 743 2601 enim
757 2555 830 2602 esset
844 2549 940 2615 Deus),
952 2553 1002 2601 aut

107 2612 140 2657 0¹
150 2612 234 2669 nihilo.
268 2615 343 2680 Quia
362 2621 387 2670 4.
402 2615 479 2668 Deus
498 2621 541 2669 est
558 2616 741 2685 omnipotens.
768 2617 845 2686 Ergo
862 2634 918 2670 non
932 2632 1002 2685 opus

107 2661 189 2735 ¹¹tltrit
208 2684 324 2738 materia
350 2683 561 2753 praeexistente.
602 2685 667 2753 Ipse
690 2686 759 2738 dixit
785 2691 814 2739 et
836 2685 1001 2752 factasunt,

108 2734 150 2797 Pr,
163 2754 212 2820 148,
231 2757 257 2806 5.
295 2755 407 2806 Errant
426 2752 512 2822 igitur
538 2757 560 2808 1.
574 2754 755 2822 philosophi,
774 2753 821 2823 qui
840 2754 885 2807 vel
904 2753 1001 2806 mundi

109 2815 278 2875 namnam
296 2838 360 2875 cum
377 2821 532 2874 Aristotele
551 2820 599 2874 lib.
621 2829 642 2876 1.
662 2824 698 2877 de
716 2822 792 2876 coelo
810 2839 870 2902 cap.
891 2828 915 2878 9.
934 2827 954 2876 t.
976 2829 998 2877 1.

111 2885 137 2939 D·
146 2885 192 2941 346.
207 2908 233 2943 ιι.
246 2896 287 2945 40.
306 2889 459 2956 somniant,
479 2890 524 2944 vel
541 2891 684 2944 materiam
696 2891 836 2960 quandam
847 2896 999 2945 mercatam

113 2954 165 3003 e‘¹1¹1
177 2956 291 3012 Platone
310 2957 341 3011 in
358 2957 473 3012 Timaeo
495 2957 515 3011 f.
534 2963 585 3013 289
604 2959 631 3016 b.
653 2959 849 3029 praemittunt,
876 2959 921 3013 vel
939 2964 1000 3014 ato·

115 3022 161 3068 ”1⁰³
183 3030 207 3078 et
230 3044 394 3081 concursum
415 3027 537 3098 aliquem
567 3026 712 3082 fortuitum
740 3045 804 3081 cum
828 3030 1001 3093 Damocrito,

119 3077 233 3162 &toppo
250 3105 276 3149 et
294 3097 422 3165 Epiaaro
442 3096 586 3160 inducunt,
605 3099 748 3166 Epitalion.
762 3097 810 3151 lib.
824 3104 844 3151 1.
861 3102 880 3151 t.
897 3103 918 3154 1.
936 3097 1001 3152 hae·

120 3160 159 3206 Μ·
173 3161 192 3211 ⁸·
215 3166 305 3219 Errat
323 3170 347 3223 2.
362 3165 562 3233 Hermoqenm,
582 3166 630 3236 qui
647 3166 791 3220 materiam
804 3166 865 3221 Deo
879 3174 1001 3222 coaeter·
1041 3186 1094 3424 ι
