2250 3772
306 277 359 343 De
375 300 513 364 persona
535 275 664 347 Christi
878 277 943 347 289

82 456 115 510 ret
132 461 214 532 enm,
235 445 293 532 qui
310 445 420 510 mortis
441 446 581 511 habebat
600 446 787 533 imperium,
809 445 871 511 hoo
893 462 942 511 est

82 531 208 599 obolum
229 546 288 599 eto.

104 648 187 717 (eost.
210 650 314 705 Genea.
331 651 359 717 3,
379 651 431 715 15,·
461 649 548 702 Hebr.
566 651 593 711 4,
611 651 648 702 15
665 648 728 718 eto.)

82 768 96 836 i.
126 768 187 835 Sed
213 795 271 835 our
296 771 432 855 oportuit
455 769 613 833 Chmistum
642 791 705 833 esse
727 769 818 834 amul
842 770 942 835 Deum

373 867 403 919 et
422 853 597 918 homiaem?

119 973 290 1038 Hominem
312 994 382 1036 esse
404 972 588 1056 oportebat,
615 971 691 1055 quia
712 972 807 1035 homo
827 993 940 1057 pecea-

82 1057 255 1142 uideoque
274 1057 370 1121 etiam
391 1057 552 1120 hominem
581 1078 639 1142 pro
661 1068 791 1142 peceato
815 1055 941 1121 satiata

82 1160 112 1205 tre
128 1142 341 1208 conveniebat.
380 1139 467 1221 Quia
487 1163 564 1206 vero
585 1142 672 1205 nudo
692 1140 822 1219 homini,
844 1142 941 1205 etiam

82 1227 239 1313 notissimo,
258 1227 416 1290 infinitam
437 1226 516 1290 iram
533 1226 596 1290 Dei
618 1226 755 1313 placare,
778 1237 809 1290 et
829 1227 941 1291 remis·

82 1330 156 1377 onem
212 1324 392 1377 eooatorum
427 1311 597 1396 impetrare
626 1311 824 1397 impossibile
862 1322 940 1398 erat,

82 1402 113 1460 too
134 1337 341 1463 meiiatorem
368 1396 463 1461 etiam
485 1397 592 1461 Deum
621 1419 690 1460 esse
711 1418 842 1461 necesse
863 1408 940 1474 erat,

82 1481 143 1547 :sio
169 1484 203 1547 in
227 1505 333 1547 assum
357 1493 390 1545 ta
415 1504 509 1545 earne
538 1481 677 1546 officium
698 1481 890 1546 mediatoris*
903 1503 941 1546 ao

82 1564 242 1652 demptorii
262 1590 319 1652 per
343 1579 436 1644 cenet,
458 1589 531 1630 oum
544 1579 688 1643 mortem,
701 1567 795 1650 juxta
809 1566 939 1653 elegans

82 1662 151 1716 oum
169 1652 284 1716 Fausti
305 1652 376 1719 libr.
395 1652 423 1715 1.
441 1652 480 1715 de
497 1663 577 1737 grat.
593 1651 667 1729 Dei,
690 1673 758 1736 oap.
776 1654 803 1716 1.
819 1662 894 1718 tom.
910 1653 939 1718 5.

83 1733 115 1801 bt
126 1738 194 1807 ΡΡ.
216 1737 276 1802 col.
291 1738 362 1802 805.
377 1737 416 1814 Β,
437 1758 497 1800 neo
519 1736 606 1800 solus
621 1737 711 1801 Deus
727 1736 858 1821 sentire,
880 1759 940 1802 neo

82 1818 123 1886 ius
142 1824 236 1888 homo
259 1833 409 1907 superare
428 1821 592 1907 potuisset.

108 1940 231 2008 (Errant
245 1939 332 2011 igitur
347 1939 393 1993 hie
414 1945 435 1994 1.
454 1939 501 2010 qui
521 1956 584 1992 eum
603 1940 724 1992 Andron
737 1939 881 1992 Osr‘andro
899 1937 939 1992 of·

82 2004 127 2061 ion
142 2009 302 2063 mediatoris
314 2008 424 2062 divinae
434 2013 544 2062 tantum
556 2014 671 2062 naturae
682 2007 852 2063 adscribunt.
882 2007 939 2062 Wi-

82 2078 121 2133 od.
135 2077 301 2134 inOsiandr.
321 2094 378 2148 pag
398 2083 420 2131 7.
451 2078 562 2130 Errant
584 2083 607 2132 2.
626 2078 763 2142 monachi,
783 2076 940 2131 Staaearus

89 2145 218 2211 Josaitae,
248 2146 296 2217 qui
317 2145 455 2199 Christum
474 2145 626 2200 seeundum
645 2144 793 2198 humanam
810 2150 940 2199 naturam

82 2216 142 2268 stum
165 2217 287 2285 idipsum
310 2214 460 2285 perfecisse
483 2215 519 2267 im
542 2215 567 2268 ie
586 2215 764 2269 contendunt.
805 2216 940 2284 Wipaad.

90 2279 227 2338 Stanearis.
247 2285 310 2338 libr.
322 2290 346 2339 2.
384 2290 444 2338 es.
476 2233 548 2338 Vitie
564 2284 701 2336 Baltarm.
714 2282 760 2337 lib.
779 2289 802 2338 5.
816 2283 851 2338 de
863 2282 940 2338 Chri·

82 2365 93 2417 t,
108 2367 162 2422 cap.
175 2359 197 2408 2.
217 2360 280 2406 tom.
293 2359 314 2407 1.
332 2302 382 2407 soii
394 2358 451 2407 415.
466 2351 501 2408 A.
537 2352 579 2407 ld.
591 2351 653 2405 libr.
665 2357 703 2405 17.
714 2357 742 2406 et
751 2357 792 2409 38.
806 2369 871 2424 pag.
881 2358 939 2408 458.

82 2417 177 2477 oivrrrie
186 2421 334 2492 distinguit
346 2421 417 2475 inter
426 2420 599 2489 principium,
619 2420 693 2490 quod
703 2426 840 2490 operatur,
858 2421 940 2492 quale

82 2490 174 2543 nstituit
193 2507 355 2559 personum,
381 2497 410 2542 et
427 2489 608 2558 principium.
629 2506 684 2558 quo
702 2507 786 2559 opera
803 2507 821 2542 a
838 2490 940 2543 media·

82 2557 227 2626 aiebant,
248 2560 330 2630 quale
349 2559 418 2611 dicit
442 2558 527 2613 solam
547 2558 695 2612 humanam
714 2566 850 2612 naturam.
884 2557 939 2626 Op·

82 2634 140 2680 nunt
156 2641 249 2682 autem
273 2636 292 2682 1.
311 2643 382 2697 quae
401 2627 528 2696 opposita
546 2644 601 2679 non
619 2635 692 2681 sunt.
727 2627 849 2681 Persona
867 2626 940 2680 enim

82 2694 163 2751 :duae
177 2696 243 2750 illae
259 2701 375 2750 naturae
393 2696 486 2750 unitae
530 2695 563 2747 E.
582 2695 651 2749 siin
671 2696 800 2764 operibus
817 2695 860 2748 his
879 2712 940 2763 per-

82 2771 264 2834 numeratur,
288 2773 418 2834 operatur
435 2770 464 2818 et
482 2770 581 2817 natura
600 2764 701 2817 divina.
741 2771 763 2818 2.
786 2762 940 2818 Concilium

82 2831 258 2888 ratesdonense
275 2834 398 2902 loquitur
415 2833 518 2887 diserte
538 2834 573 2885 de
585 2833 699 2885 naturis.
731 2833 801 2887 Sunt
820 2838 843 2886 3.
856 2849 941 2900 opera

82 2912 111 2950 tto
132 2903 328 2972 apotelesmata
351 2903 520 2957 theandrica.
557 2902 632 2971 Ergo
656 2901 799 2970 utriusque
825 2905 940 2955 naturae

82 2972 194 3026 *narnia
223 2972 275 3024 Est
288 2980 310 3025 t.
325 2970 449 3024 infinitae
467 2970 575 3023 virtutis
594 2988 627 3023 ao
646 2971 787 3040 potentiae
804 2969 940 3022 infinitam

82 3029 167 3108 sensam
185 3041 212 3093 in
232 3039 368 3093 infinitum
383 3038 472 3092 Deum
493 3039 539 3092 ¹ab
558 3038 610 3091 hoo
629 3040 710 3106 enim,
728 3038 757 3091 in
772 3055 853 3106 quem
867 3055 939 3090 corn·

83 3102 161 3181 titur,
177 3109 396 3163 aestimationem
416 3109 525 3177 recipit)
545 3108 716 3160 commissam
737 3105 846 3160 infinita
863 3108 940 3160 satis-

82 3176 155 3228 ruore
172 3179 289 3247 expiare,
310 3183 424 3231 mortem
443 3177 568 3237 abolere,
588 3177 726 3229 hominem
745 3176 804 3228 Deo
820 3176 941 3229 reconoi-

82 3248 121 3317 m.
149 3244 219 3317 Ergo
243 3248 335 3300 nudae
363 3256 390 3300 et
412 3263 503 3300 merae
527 3246 664 3298 humanae
686 3251 801 3298 naturae
819 3245 871 3298 hoe
892 3247 941 3298 im-

82 3307 175 3382 osuhile,
192 3321 242 3370 aut
260 3317 284 3370 si
301 3315 439 3386 possibile,
458 3315 525 3386 quid
544 3332 613 3384 opus
631 3321 691 3368 erat
703 3313 806 3367 Filium
820 3314 874 3368 Dei
892 3315 942 3382 hof

751 3407 777 3452 ts
