2250 3772
108 214 169 279 142
345 212 452 301 Caput
473 213 498 280 L
541 214 595 278 De
617 214 782 300 decalogo.

106 398 162 436 non
180 386 245 436 sunt
261 381 329 436 boni
347 381 454 437 ratione
473 382 624 452 adjunctae
635 382 858 453 inordinationis,
875 397 1019 455 nequent·

105 450 181 506 tione
199 450 302 520 objecti
321 468 339 505 a
354 451 415 506 Deo
433 450 574 521 prohibiti,
590 452 620 505 in
637 451 712 522 quod
730 451 859 506 feruntur
878 457 933 507 etc.
961 452 1019 507 tta

107 521 198 574 ebetat
218 525 242 574 3.
260 519 335 590 quod
352 521 502 587 Aequstic.
524 521 542 574 l.
566 527 589 574 l.
609 520 644 575 de
662 526 741 590 nupt.
764 537 788 575 e.
808 525 850 578 23.
876 525 898 575 t.
918 526 944 577 7.
968 518 1019 575 col.

106 593 165 644 823.
186 588 216 642 C.
240 588 352 656 asserit,
376 588 629 658 concupiscentiam
648 606 704 644 non
723 605 783 644 essa
799 594 950 670 peccatum
967 603 1019 643 non

105 657 288 712 antecedente
311 674 455 712 consensu.
490 659 557 712 Νοιι
576 666 631 725 ert,
655 656 777 727 explicat
799 657 875 712 rdem
900 657 1019 729 seipsum

105 743 130 781 e.
148 731 190 781 24.
221 727 291 780 ibid.
311 724 362 780 eol.
384 731 442 782 824.
462 725 499 792 O,
523 726 629 795 idest,
657 727 687 778 ic
707 728 881 794 reponeretis
900 744 959 781 rore
975 726 1019 780 dc·

100 801 224 863 putatur
253 795 284 848 iu
301 804 458 864 peceatum.
506 795 582 856 Quia
627 803 701 849 eturct
726 796 826 849 sordes
849 795 920 849 illos
940 796 974 849 ιἰι
993 809 1019 849 at

107 861 216 985 Obgistc'
232 864 396 1000 obtede'er2tr'a)
411 864 468 932 teye'
483 871 533 917 etc.
562 813 636 919 Vide
655 863 673 916 l.
691 871 712 918 t.
733 863 770 917 ad
788 862 882 924 Bonif.
898 880 924 918 c.
938 866 1019 920 thet

109 939 130 986 1.
169 949 279 1002 enup.
298 949 322 987 c.
362 939 384 987 7.

107 1051 157 1116 88.
200 1053 275 1118 Cum
297 1074 368 1117 cero
390 1064 454 1115 tum
476 1054 509 1114 ire
530 1051 586 1114 boc
607 1074 696 1136 norro,
718 1064 782 1116 tum
801 1054 894 1115 etium
911 1055 948 1116 irs
962 1072 1019 1136 aeq.

106 1139 222 1201 decimo
242 1149 409 1236 praecepto
431 1138 676 1236 concupiscentia
696 1138 899 1236 interdicetur
903 1159 916 1216 ,·
936 1158 1019 1267 guae

186 1245 260 1284 cam
278 1245 311 1284 ere
332 1220 460 1304 scopulus
483 1232 725 1304 coccopeccenha
742 1220 944 1306 probzbetur.

192 1320 387 1386 Prohibetur
408 1321 442 1384 in
461 1331 599 1405 utroque
621 1323 780 1405 speciatim
795 1320 1019 1406 concupiscen-

106 1406 151 1471 tia
180 1405 362 1492 originalis,
395 1405 477 1469 sicut
508 1409 542 1470 ic
568 1407 822 1490 praecedentibus
852 1408 1019 1490 peacractm

105 1491 267 1577 prohibita
289 1503 337 1554 est
358 1489 615 1576 concupiscentia
637 1489 778 1555 actualis.

176 1606 426 1676 (Quemadm0dnm
443 1606 518 1661 enim
535 1606 646 1661 dilectio
686 1606 784 1660 roximi
802 1623 939 1661 summam
955 1623 1019 1662 con·

106 1677 178 1732 tinet
200 1682 411 1756 praeceptorum
435 1674 575 1730 secundae
601 1675 651 1734 tub
682 1692 715 1729 ae
740 1673 955 1741 affirmatum,
982 1675 1019 1730 ita

105 1762 214 1800 summa
232 1762 354 1798 ommum
372 1751 584 1814 praeceptorum
601 1743 725 1812 ejusdem
744 1743 858 1799 tabulae
875 1743 1019 1816 negativo-

105 1832 168 1869 rum
185 1814 344 1869 continetur
358 1813 387 1867 in
403 1813 470 1866 hoe:
488 1831 545 1866 aon
563 1813 748 1881 concupisces.
786 1812 870 1868 Unde
889 1812 1020 1883 concupi·

105 1882 241 1939 scentiam
259 1900 310 1952 per
328 1881 486 1936 universam
513 1880 640 1934 tabulam
660 1881 810 1934 secundam
829 1882 929 1952 vagari
945 1886 1019 1937 reete

105 1952 247 2006 concludit
264 1958 293 2005 et
311 1950 432 2021 explicat
450 1953 510 2003 Da.
530 1949 643 2004 Chemo.
662 1949 694 2002 L.
715 1949 745 2004 C.
758 1949 791 2003 P.
810 1955 834 2005 2.
852 1967 876 2003 c.
893 1957 919 2007 7.
958 1955 1019 2006 .98.

104 2021 154 2077 ubi
170 2021 248 2080 ,vide
284 2018 331 2073 Fit
355 2026 448 2073 tamen
471 2018 523 2074 hoc
546 2023 622 2071 certo
644 2017 810 2073 discrimine.
833 2017 940 2073 .Prohi
976 2023 1019 2073 tur

104 2088 202 2159 utique
214 2087 441 2157 concupiscentie
457 2086 558 2153 uxoris,
571 2088 639 2140 etin
653 2092 730 2141 sexto
743 2087 811 2141 etin
824 2087 933 2142 decimo
942 2103 1019 2158 prae·

104 2165 194 2227 cepto.
233 2154 466 2225 Concupiscentia
483 2155 579 2209 itidem
600 2155 697 2209 domus
715 2162 744 2209 et
762 2155 792 2209 in
809 2155 929 2225 septimo
947 2164 976 2210 et
992 2155 1019 2209 in

104 2243 177 2280 nono
201 2232 364 2295 praecept03
392 2224 441 2278 aed
465 2224 520 2278 alio
545 2231 674 2293 respectu
700 2224 729 2276 in
746 2223 819 2292 istis,
847 2224 904 2278 alio
921 2224 952 2278 in
970 2223 1019 2280 hia

105 2293 173 2347 Alia
192 2309 326 2363 namque,
353 2292 471 2362 exempli
490 2292 595 2364 gratia,
614 2299 657 2346 est
675 2293 900 2361 concupiscentia
918 2292 1019 2360 uxoris,

106 2378 178 2432 quse
197 2366 344 2416 accusatur
362 2360 391 2414 in
411 2366 434 2415 6.
455 2367 482 2414 et
500 2362 555 2415 alia
575 2378 646 2433 quae
664 2360 827 2430 prohibetur
842 2361 872 2414 in
887 2367 928 2418 10.
940 2377 1019 2432 pree-

104 2435 193 2499 cepto.
229 2429 264 2484 In
282 2429 336 2483 isto
355 2429 427 2484 enim
445 2430 609 2500 prohibetur
627 2430 860 2551 eoncupiscentia,
879 2430 1019 2502 adquam

33 2506 37 2515 ¹
105 2498 215 2553 accedit
241 2497 410 2553 deliberatus
435 2515 585 2553 consensus
608 2505 637 2553 et
660 2516 721 2553 reso
733 2504 782 2552 uta
800 2499 930 2553 voluntas
948 2517 1019 2555 com·

104 2566 235 2621 mittendi
254 2566 325 2620 illud
345 2568 420 2639 quod
441 2567 564 2649 appetit;
583 2566 685 2620 diserte
705 2567 778 2620 enim
798 2566 925 2622 Christus
945 2568 1019 2635 dicit

106 2635 210 2761 muas
228 2636 386 2760 {dsppxeritt
403 2636 599 2760 mugerenrtaad
618 2636 868 2757 cgncupiseendam
889 2653 954 2758 eegr
968 2642 1019 2691 eto.

204 2746 211 2760 .
279 2711 286 2730 ‘
420 2723 448 2759 ιιι
469 2722 513 2759 em
536 2723 545 2757 1
617 2721 637 2757 u
673 2723 697 2757 ει
716 2720 826 2758 occasio
844 2721 874 2758 se
896 2721 914 2758 o

105 2745 330 2844 eoncupiso’entih
348 2722 420 2843 iepsdl
428 2775 457 2826 in
476 2745 623 2844 peccathm
642 2773 761 2826 exterius
781 2771 910 2828 adulterii
929 2710 1019 2829 effi

125 2851 190 2899 eret
227 2848 260 2896 In
278 2841 387 2896 decimo
408 2857 473 2896 vero
496 2842 557 2910 ipsu
577 2841 803 2910 eoncupiscentia
827 2841 903 2894 nuda
927 2842 1019 2912 prohi-

103 2861 198 2978 betur,
221 2927 293 2982 quae
315 2928 371 2966 non
392 2909 540 2981 cogitanti,
565 2909 648 2962 etiam
678 2910 789 2982 quando
810 2927 845 2965 ue
862 2909 1019 2978 reluctanti¹

104 2981 240 3050 obrepere
257 2983 363 3049 potest,
392 2983 420 3032 ct
444 2979 480 3031 ad
501 2993 585 3046 quam
603 2996 746 3047 nunquam
764 2979 799 3033 de
812 2978 936 3033 'berctus
956 2996 1019 3034 con·

105 3067 201 3104 sensus
228 3048 315 3102 multo
332 3047 423 3100 minus
441 3046 501 3115 ipse
513 3050 591 3099 actus
608 3052 736 3101 externus
749 3046 937 3117 consequitur.
964 3047 1019 3103 Pur

105 3124 148 3172 est
161 3089 299 3188 judicium
328 3116 363 3170 de
384 3114 610 3184 concupiscentia
632 3115 730 3170 domus
755 3116 784 3167 in
802 3115 920 3185 septimo
939 3117 1019 3172 item·

105 3186 208 3257 quein
225 3202 298 3239 nono
314 3187 475 3254 praecepto.
509 3182 544 3236 In
568 3183 622 3236 isto
650 3199 771 3254 namque
790 3184 932 3253 prohiberi
954 3201 1019 3239 con·

102 3253 305 3327 cupiscentiam
324 3253 430 3317 domus¹
448 3251 485 3305 ud
506 3267 589 3322 quam
602 3251 755 3307 deliberata
771 3254 900 3309 voluntas
913 3260 943 3309 et
954 3269 1019 3309 con·
