2250 3772
107 232 173 316 338
247 245 354 334 Caput
373 247 416 315 11.
459 247 513 312 De
535 190 683 334 symbolo
708 246 891 336 apostolico.

179 414 272 483 (Ratio
298 423 320 474 l.
338 433 357 472 a
375 432 460 471 causa
481 415 628 471 efficiente.
668 418 693 470 2.
710 415 739 470 Α
755 432 842 472 causa
855 416 919 472 instr

106 484 161 543 tali
180 485 294 557 duplici,
313 492 335 541 1.
348 485 482 541 offerente
502 492 530 540 et
546 483 704 550 exhibente,
724 484 812 542 verbo
828 490 919 541 etsau

109 557 162 620 tis,
186 561 212 611 2.
230 555 381 626 recipiente
398 555 456 609 sive
475 552 709 626 apprehendente,
727 552 792 609 fide.
828 554 919 611 Sancti

109 622 184 681 enim
204 624 233 677 in
259 625 377 679 veritate
402 623 480 679 rerhi
520 624 722 691 Jot.17,17,
747 623 919 695 purgaturh

107 709 208 766 aquae,
227 694 332 760 proo.
351 698 377 755 5,
390 695 434 761 26,
451 664 508 747 fide
523 689 687 770 purificatur
713 691 902 762 Actor.1.5,9,
917 712 919 717 ⁴

107 762 148 816 im
167 765 247 815 utata
264 761 273 814 i
295 761 319 815 si
357 778 387 816 er
403 760 487 816 fidem
507 764 655 814 sanctitate
674 732 787 827 (ibristi,
807 765 830 816 1.
845 760 908 817 Cor.

108 836 135 886 3.
199 828 239 883 tio
256 779 326 884 aba
350 830 425 884 ectis.
463 829 521 886 Ubi
536 835 631 883 tamen
649 845 705 882 non
723 828 918 901 intelliguntur

106 897 265 952 sanctitatis
283 897 410 952 absolute
427 898 561 968 perfecta,
581 897 630 952 sed
647 913 720 951 nova
737 898 874 953 duntaxat
890 897 919 952 oh

107 967 149 1023 tia
171 965 310 1024 inchoata.
348 974 372 1022 4.
392 966 440 1022 Ab
464 966 576 1037 objecto
596 965 715 1035 duplici,
743 972 765 1021 l.
784 968 863 1021 cultu
880 967 919 1021 dir

127 1034 316 1090 raedicatione
341 1035 421 1090 verbi
451 1040 480 1090 et
507 1034 749 1089 administratione
775 1052 919 1090 sacramen

107 1055 134 1161 ξ.
152 1103 290 1185 Operibus
308 1104 452 1159 charitatis
472 1104 502 1157 in
518 1102 666 1175 erogandis
682 1103 919 1175 eleemosynis,Ju

106 1171 239 1245 pronmis
251 1178 305 1227 etc.
333 1176 446 1226 throni
458 1173 609 1242 pontificii,
630 1172 678 1243 qui
695 1172 830 1228 ecclesiae
847 1179 919 1227 sanct

106 1241 257 1315 specialem
274 1241 455 1312 religiositate
475 1247 597 1310 externa,
616 1246 686 1310 puta
702 1241 747 1295 vel
759 1247 919 1313 paupertate

107 1317 200 1371 tanea,
212 1310 332 1391 jejunio,
342 1311 499 1392 coelibatu,
524 1311 583 1364 vita
599 1310 919 1391 monasticanchameurd

108 1377 465 1516 {inauratura
478 1378 919 1519 naturaiiter.

106 1517 161 1571 lari
179 1521 231 1571 etc.
251 1515 393 1572 definiunt.
430 1518 532 1571 Leonb.
548 1517 664 1570 Lectius
685 1517 819 1585 consult,
837 1533 908 1588 quae

106 1585 187 1666 relig.
206 1584 243 1639 sit
259 1586 430 1655 capessenda
448 1585 551 1640 consid.
573 1591 596 1639 l.
624 1602 651 1654 p.
670 1589 775 1656 8seqq.
813 1583 854 1639 At
871 1585 919 1640 hae

107 1653 186 1710 ciahs
204 1654 336 1708 sanctitas
353 1654 452 1708 nullibi
473 1661 495 1710 1.
513 1654 544 1706 in
562 1653 706 1723 Scriptura
721 1659 881 1724 praecepta
913 1660 919 1709 :

106 1723 243 1795 pocritica
254 1729 303 1777 est.
333 1724 472 1777 Moaocbc'
486 1724 563 1788 forie
581 1723 670 1775 nitent
687 1722 846 1792 sanctitate,
863 1724 919 1776 tatu

107 1801 167 1847 teat
185 1793 342 1861 iniquitate.
375 1791 485 1861 Corpus
503 1793 533 1844 ia
550 1792 645 1859 choro,
665 1791 777 1843 animate
788 1792 820 1844 in
834 1792 919 1861 thoro,

106 1878 235 1917 venerem
252 1861 458 1930 amplccootor,
476 1877 557 1913 mane
573 1860 711 1929 ootpinem
728 1869 913 1930 venerantur,

105 1939 178 1986 aaut.
197 1947 277 1984 serm.
296 1935 321 1984 2.
341 1929 370 1982 in
388 1930 432 1983 die
450 1929 503 1982 cin.
522 1933 543 1982 t.
564 1935 586 1984 1.
609 1946 636 1998 p.
656 1933 697 1984 31.
733 1927 802 1992 Quis
821 1944 919 1999 ergon

106 2000 150 2053 vit
165 2000 219 2053 ista
238 1999 272 2052 de
289 1998 416 2052 manibus
434 1998 552 2052 vestris?
571 2000 716 2065 Ea1,12.
753 2002 775 2051 3.
796 1997 887 2069 Saepe
903 2014 919 2052 e

105 2068 167 2122 lida
189 2073 217 2122 et
238 2066 370 2135 ridicula,
396 2067 460 2120 vide
484 2067 579 2121 histor.
600 2065 724 2136 Legend.
751 2071 839 2120 sanct.
879 2072 902 2121 4.

108 2141 207 2191 coacta
224 2141 253 2189 et
269 2134 463 2189 involuntaria.
502 2134 548 2190 Sic
571 2140 600 2189 et
616 2134 782 2189 Essenorum
809 2139 837 2189 et
856 2134 919 2190 Pha

106 2221 169 2258 rum
189 2202 305 2257 ecclesia
319 2220 386 2258 vera
404 2204 514 2268 fuisset,
538 2208 571 2257 ut
594 2201 642 2274 qui
660 2219 728 2272 prae
746 2202 809 2256 aliis
826 2203 919 2258 vitaer

106 2271 202 2326 monia
217 2271 352 2326 exteriore
368 2273 528 2344 turgebant.
558 2272 601 2326 De
619 2271 731 2325 Essenis
746 2271 811 2325 ride
826 2273 919 2342 Joaepi

106 2339 173 2395 bell.
184 2340 252 2395 Jnd.
271 2356 294 2395 c.
308 2347 330 2394 7.
348 2360 376 2413 p.
392 2347 451 2398 262.
480 2343 523 2394 De
534 2341 641 2394 Pharis.
656 2341 759 2397 Moab.
774 2345 800 2406 5,
814 2344 859 2396 22.
872 2348 919 2396 eti·

106 2415 146 2464 D.
161 2409 270 2464 Saloca.
288 2415 360 2478 part.
373 2415 396 2465 3.
416 2411 519 2480 postill.
559 2416 636 2464 ,571
664 2409 728 2463 Non
747 2426 777 2463 er
797 2427 814 2462 o
832 2425 851 2463 a
868 2426 919 2464 san<

105 2482 222 2532 externa
238 2480 491 2550 argumentandum
511 2496 528 2532 a
566 2478 710 2533 veritatem
727 2426 861 2532 ecciesiae
871 2479 919 2533 inte

105 2545 166 2603 Nec
173 2546 332 2614 videndum,
343 2549 480 2618 quomodo
490 2548 592 2610 vivant,
601 2547 649 2601 sed
659 2547 726 2618 quid
737 2547 862 2601 doceant.
880 2547 919 2601 Do

104 2614 195 2670 omnis
213 2617 368 2671 sanctitatis
387 2617 606 2670 fundamentum.
634 2616 677 2670 De
694 2615 765 2668 votis
779 2616 919 2670 monachor

103 2688 208 2757 supra.)

103 2831 134 2897 7.
172 2831 263 2912 Quod
283 2833 312 2894 oi
332 2829 453 2895 ecclesia
475 2851 524 2907 eo,
551 2851 611 2913 quo
641 2830 749 2893 dixisti
773 2832 879 2906 modo,
906 2851 919 2892 a

293 2927 345 2997 eat,
367 2938 446 2978 caue
466 2915 558 2978 etiam
580 2936 686 2976 errare
701 2913 828 2997 potest?

190 3030 352 3108 Ecclesia,
383 3029 534 3115 quamdiu
554 3051 665 3093 vocem
688 3027 808 3093 Christi
829 3049 919 3116 spons

102 3116 190 3181 unici
220 3117 310 3181 audit
342 3126 374 3180 et
404 3114 620 3200 amplectitur,
652 3136 689 3178 ac
715 3115 849 3178 ductum
875 3113 919 3200 Sp

105 3202 207 3265 sancti
228 3201 387 3286 sequitur,
416 3222 521 3264 errare
549 3223 614 3264 non
636 3209 757 3284 potest3
772 3276 775 3280 Α
788 3199 911 3283 quoties

104 3306 218 3354 vocem
232 3286 354 3353 Christi
376 3285 506 3372 spernit,
528 3295 559 3350 et
580 3285 717 3350 alienam
732 3285 919 3371 sequitur-,e
