2250 3772
460 233 636 322 Scriptura.
962 235 1002 300 13

119 407 150 451 Μ
166 414 248 480 eorum
272 400 394 457 obscura
417 408 445 457 ct
464 402 552 457 dubia
573 409 647 472 crat,
673 403 718 457 vel
742 408 766 457 3.
787 402 854 473 quia
869 401 1003 457 nonnulla

118 467 263 550 pnplretrcrs·
277 475 308 523 et
319 471 479 539 apostolicis
491 471 569 526 libris
581 472 682 542 partim
701 472 805 542 ignota,
824 471 926 541 partim
938 488 1002 526 con·

118 544 181 591 urna
194 538 391 606 contrncbant)

161 675 202 738 14.
240 675 354 740 Recito
376 678 571 761 apocryphos
599 677 716 741 Veteris
741 677 933 744 Testamenti.

115 788 223 859 Libffl
240 793 488 871 Esdraedeabe.
513 797 533 859 9
559 794 633 860 Lib.
643 794 785 880 Sapient.
795 798 864 862 tac.
874 822 943 882 cap.
962 798 1001 864 19

116 874 167 939 lib.
185 877 242 944 IV.
262 879 388 943 Esdrac
493 881 532 944 16
559 880 823 965 Ecclesiasticus,
846 882 943 968 vulgo

116 957 357 1047 Supplementum
374 963 531 1030 Esther6
602 965 762 1031 Siracides
959 968 998 1033 51

117 1042 205 1111 Oratio
225 1048 390 1113 Manassis
515 1056 528 1112 1
559 1049 606 1115 Su
651 1051 778 1115 lement.
798 1051 926 1116 Daniel.
981 1053 1002 1117 2

116 1126 209 1195 Tobiae
492 1135 583 1199 141.
645 1136 874 1201 aocabaeorum
963 1136 1002 1203 16

115 1213 203 1280 ludith
492 1219 532 1285 lc
557 1220 600 1284 Π.
623 1221 892 1286 Maccahaeorum
963 1224 1002 1288 15

115 1296 214 1365 Barooh
512 1305 533 1367 5
556 1305 617 1370 ΠΙ.
639 1307 908 1371 Maccahaeorum
983 1310 1001 1375 'l

117 1385 223 1471 Epistol.
237 1390 264 1456 J
264 1389 401 1453 eremiae
415 1390 480 1453 Ba-

146 1473 209 1537 mch
231 1496 356 1538 annexa
514 1476 529 1535 1

135 1623 170 1691 15.
206 1627 291 1692 Unde
313 1637 431 1690 coastat
452 1640 639 1691 eaunmratos
661 1628 716 1691 Itos
738 1628 833 1692 libros
860 1628 976 1694 Veteris

297 1712 483 1777 Testamenti
505 1733 567 1774 esse
589 1711 801 1798 apocryphos?

179 1829 272 1894 Inde:
295 1830 372 1914 quia
393 1831 426 1927 1..
441 1842 515 1915 post
536 1831 762 1916 prophetarum
785 1830 891 1894 secula
914 1830 1001 1894 editi.

128 1993 147 2057 fi
181 1913 265 2015 Quia
294 1917 324 1984 2.
352 1913 466 2000 spiritu
494 1927 524 1979 et
560 1937 705 1981 sermone
733 1914 918 2001 prophetico
947 1916 1003 1980 de-

116 2006 266 2168 Stutiluia
286 2086 316 2150 3.
340 2084 414 2161 alio,
435 2106 532 2170 quam
546 2085 697 2149 Hebraeo
719 2083 869 2149 idiomate
885 2083 946 2149 scri
969 2084 1002 2152 ti

179 2171 246 2236 Nec
267 2172 298 2236 4.
327 2193 347 2233 a
369 2168 497 2236 Christo
519 2170 570 2234 vel
592 2169 744 2255 apostolis
767 2169 801 2233 in
822 2169 916 2235 Novo
938 2109 1003 2235 fe-

114 2262 247 2321 stemento
271 2253 368 2320 citati.

169 2342 245 2441 ‘Nec
267 2343 296 2408 5.
325 2340 366 2404 ab
389 2337 523 2403 ecclesia
544 2339 769 2403 Hebraeorum
789 2362 930 2424 unquam
953 2362 1003 2404 re-

113 2438 248 2577 ceptLNec
270 2512 300 2577 6.
328 2509 362 2573 in
390 2506 550 2593 primitiva
575 2508 710 2573 ecclesia
738 2508 908 2574 christiana
929 2509 1004 2573 totis

108 2596 191 2744 Eripis·
206 2594 448 2682 quadringentis
471 2616 490 2656 a
512 2591 642 2657 Christo
662 2604 737 2657 nato
761 2616 819 2679 pro
843 2595 1004 2659 canonicis

125 2693 266 2847 altlinia
293 2763 432 2847 denique
455 2764 483 2828 7.
512 2763 612 2827 multa
635 2762 798 2826 continent
818 2785 891 2827 cum
912 2761 1003 2825 libris

106 2851 253 2916 cronicis
275 2849 461 2936 pugnantia,
482 2847 533 2913 vel
554 2842 724 2913 ἆσύσιατα
739 2847 790 2912 vel
806 2842 1003 2932 ἀσύμφωνα,

104 2936 146 3000 vel
159 2947 267 3023 aperte
280 2935 363 2999 falsa
376 2945 408 2999 et
422 2934 521 2998 verbo
532 2931 597 2996 Dei
612 2932 778 2997 contraria.
802 2932 855 2994 Ac
868 2929 1003 3017 proinde

102 3042 203 3106 parem
223 3044 298 3086 oum
318 3018 479 3084 canonicis
500 3016 701 3081 autoritatem
721 3039 788 3080 non
806 3017 933 3081 habent.

166 3139 258 3210 (Ratio
278 3144 303 3194 1.
327 3137 364 3193 ab
388 3137 523 3206 adjuncta
544 3135 676 3206 temporis
701 3134 869 3188 diversitate.
905 3134 1007 3205 Scripti
