2250 3772
259 239 310 305 De
332 239 536 305 sacramentis
552 239 586 305 in
604 261 732 327 genere.
898 240 963 309 483

72 407 275 478 tarassiam
290 424 367 478 aqua
381 410 424 462 ad
435 408 871 479 meolatirriqandastraaseat.
898 409 962 474 Quo
1022 430 1027 443 ‘

72 475 132 530 mili
149 476 238 532 ntitnr
254 478 374 559 Aaqast.
391 477 421 531 in
439 476 502 532 Job.
521 483 603 533 tract.
616 486 639 534 5.
656 484 676 533 t.
686 485 708 534 9.
726 478 778 533 ool.
796 483 837 536 46.
848 477 879 534 O.
894 479 962 534 ride

72 564 75 599 ;
91 545 147 601 col.
154 551 197 603 43.
207 546 244 602 D.
271 545 350 603 vnia
364 551 393 601 et
412 546 539 602 defectus
556 547 679 601 ministri
689 564 746 601 nou
761 547 962 603 debenttrans-

72 615 114 669 rri
132 613 170 669 ad
186 614 280 687 ipsum
296 621 508 684 sacramentum,
526 616 606 686 eujus
618 614 666 670 ille
676 633 732 671 non
745 614 890 684 Dominus,
911 616 962 671 sed

72 682 173 738 inister
189 688 240 739 est.
277 686 390 738 Errant
409 689 433 741 2.
448 685 604 753 pontificii,
629 684 677 755 qui
695 685 859 740 sacramenti
877 684 964 740 virtu·

72 756 136 806 rtem
150 769 184 806 ex
196 753 349 808 sacerdotis
366 752 425 808 sive
436 752 555 808 sacrifici
577 754 731 809 intentione
750 753 871 808 faciendi
888 754 964 826 quod

72 821 254 890 alesiafacit,
275 821 430 876 aestimant
461 821 569 877 Ooacil.
586 823 713 880 Tridcat.
726 839 787 877 can.
804 829 842 877 ll.
855 840 921 877 sess.
936 830 961 878 7.
997 882 1003 893 Ι

72 890 187 944 'cllum
206 890 224 944 l.
244 897 267 947 1.
287 891 322 946 de
340 906 457 947 sacram.
476 907 500 945 c.
521 897 562 946 27.
580 896 636 946 t3.
657 891 708 947 col.
721 897 779 948 107.
789 890 820 946 C.
833 909 891 962 seq.
921 891 962 946 At

72 958 164 1013 tentio
185 958 241 1013 ista
268 965 291 1015 l.
312 976 327 1015 e
347 958 492 1029 Scriptura
517 958 629 1030 probari
646 976 703 1014 non
720 964 827 1030 potest,
853 976 962 1015 omnem

90 1033 324 1082 sacramentorum
342 1028 537 1083 certitudinem
555 1028 663 1083 evertit.
699 1027 768 1093 Quis
794 1028 867 1083 enim
885 1029 962 1098 sciet,

72 1113 83 1150 ι
100 1095 226 1152 minister
244 1095 367 1152 debitam
383 1096 564 1153 intentionem
582 1096 763 1152 adhibuerit?
791 1097 962 1152 Annonom-

72 1164 202 1220 shomo
228 1164 347 1220 mendax
366 1166 492 1235 (Psalm.
512 1169 572 1236 116,
593 1171 645 1232 11).
691 1165 795 1221 Totum
820 1172 843 1223 3.
864 1166 963 1221 salutis
1060 1189 1069 1199 ·

72 1237 160 1289 >strae
176 1232 390 1289 fundamentum
409 1232 541 1289 concutit.
578 1233 742 1290 Donatismo
760 1242 786 1290 4.
802 1235 877 1289 riam
895 1240 963 1290 star-

72 1307 101 1370 t,
124 1318 190 1357 cum
207 1303 271 1373 plus
291 1320 375 1374 quam
395 1310 537 1359 externum
553 1303 737 1358 ministerium
753 1321 771 1358 a
788 1303 914 1358 ministro
932 1303 963 1358 in

72 1376 222 1426 eramento
238 1371 332 1426 afferri
346 1372 452 1426 statuit.
487 1371 581 1426 Etiam
601 1381 625 1427 5.
643 1373 696 1428 hac
713 1373 821 1428 rationo
837 1373 963 1428 minister

72 1455 107 1495 ne
123 1440 237 1494 virtuali
255 1440 408 1496 intentione
424 1458 521 1495 verum
539 1441 715 1522 evangelium
725 1442 888 1513 praedicare
905 1458 963 1496 non

72 1515 147 1564 >sset
174 1508 309 1567 Vid.Da.
326 1508 556 1566 Ohemaitexam.
571 1509 648 1564 Trrd.
666 1527 731 1582 pag.
746 1516 769 1565 2.
790 1511 827 1565 ad
845 1527 905 1564 can.
920 1516 960 1566 11.

91 1583 133 1633 51.
145 1577 179 1632 Β.
198 1584 228 1632 et
245 1594 322 1650 seqq.
353 1578 431 1634 Bene
442 1580 619 1648 Aequatshas
635 1585 714 1635 tract.
728 1587 749 1635 5.
768 1579 798 1632 in
815 1579 879 1634 Joh.
900 1585 919 1634 t.
934 1585 961 1635 9.
1019 1624 1029 1643 .

72 1646 99 1701 tl.
117 1651 160 1701 41.
179 1647 213 1702 Β.
252 1648 405 1716 Βοφιὼτηα
424 1648 481 1701 tole
505 1655 557 1729 cst,
580 1649 862 1717 qualitatulam
879 1648 963 1716 cajus

72 1722 183 1770 mutate
202 1717 297 1784 datar,
315 1734 372 1769 aaa
385 1717 480 1784 qualis
492 1725 533 1770 cst
544 1717 601 1774 alle.
615 1734 671 1785 per
683 1718 766 1785 cujus
776 1717 962 1770 ministeriam

72 1791 141 1839 rtur.
177 1782 414 1856 Distinguendum
430 1784 476 1838 hic
493 1784 565 1839 inter
581 1802 622 1854 ea,
640 1803 711 1855 quae
728 1786 907 1856 requiruntur
923 1785 961 1838 ad

72 1851 237 1923 tegritatem
251 1854 425 1934 sacramenti²
444 1858 473 1908 et
490 1853 563 1908 inter
580 1870 622 1919 ea,
641 1870 713 1925 quae
728 1853 906 1924 requiruntur
923 1853 960 1908 ad

72 1936 194 1977 monam
210 1921 336 1992 ministr-i,
353 1929 386 1976 nt
403 1929 439 1977 srt
460 1922 549 1977 bonus
566 1928 596 1977 et
613 1920 723 1990 fidelis.)

128 2041 159 2107 4
196 2039 356 2119 Quaenam
377 2055 420 2107 est
441 2040 574 2106 materia
595 2042 877 2108 sacramentorum?

128 2158 270 2224 Materia
285 2172 407 2226 terreno
418 2172 687 2225 sacramentorum
698 2171 746 2225 est
757 2159 960 2237 elementum,

72 2239 174 2345 Quum
196 2245 264 2310 sive
285 2244 467 2330 symbolum
489 2257 663 2310 externum.
704 2245 845 2310 Materia
866 2247 960 2311 coele·

72 2337 104 2395 te
123 2329 241 2412 estid,
270 2329 359 2416 quod
378 2331 477 2395 verbo
499 2329 706 2397 institutionis
729 2332 789 2395 sub
811 2329 959 2416 symbolo

72 2421 177 2481 aterno
198 2414 330 2480 offertur
351 2427 383 2479 et
405 2415 581 2480 exhibetur.

115 2530 200 2599 (Hinc
218 2549 308 2586 canon
325 2534 491 2602 Aequians:
516 2535 632 2588 accedat
649 2535 763 2587 verbam
783 2533 825 2585 ad
844 2532 960 2586 clamec-

72 2609 105 2652 415
129 2609 155 2655 ct
178 2603 213 2667 fit
235 2610 454 2669 sacramentam,
476 2605 561 2656 etiam
583 2605 675 2673 abeam
699 2611 831 2671 tuaquom
849 2600 958 2654 eiabilc

72 2666 165 2737 rhea,
183 2674 266 2725 tract.
283 2675 324 2725 80.
347 2671 377 2724 in
396 2670 499 2728 Johan.
521 2678 541 2727 t.
561 2679 585 2729 9.
614 2671 666 2725 col.
686 2678 744 2726 445.
759 2669 794 2724 A.
831 2668 957 2724 Verbum

72 2737 139 2793 nem
157 2739 278 2808 duplae.-
299 2741 430 2793 mandati
447 2741 691 2809 etproma‘oas'oais.
721 2738 797 2793 Illud
805 2743 848 2794 est
858 2738 892 2791 dc
904 2754 958 2791 usu

89 2806 248 2872 auctione,
266 2811 310 2862 ut:
328 2806 482 2878 baptisate,
502 2809 632 2879 accipite,
651 2809 736 2863 facite
753 2815 804 2862 etc.
842 2806 904 2861 Hoc
921 2806 958 2859 de

72 2873 126 2929 nis
142 2875 341 2947 spiritualibus,
358 2884 536 2947 peccatorum
555 2877 724 2945 remissione,
743 2876 832 2930 salute
853 2879 882 2930 et
899 2873 958 2928 vita

72 2937 164 2999 terna
195 2943 372 3000 Elementum
389 2963 444 3001 non
462 2946 614 3017 quodlibet,
635 2946 706 3001 sedi
727 2945 785 2999 sius
807 2942 956 2998 institutio·

72 3012 190 3085 {verbo
214 3013 379 3070 ordinatum.
417 3017 565 3070 Errorcnt
588 3015 674 3087 igitur
694 2964 759 3068 oiim
781 3010 957 3080 Paeliciam',

72 3088 88 3127 1
113 3098 220 3139 omnem
236 3083 401 3137 sacramenti
419 3085 563 3139 materiam
580 3083 730 3155 negabant,
759 3099 863 3152 aquam.
880 3086 958 3151 puta,

72 3155 158 3221 nem,
179 3151 289 3220 vinum3
313 3156 342 3206 et
369 3152 461 3208 verbis
479 3153 613 3208 duntaxat
631 3169 682 3224 pro
700 3150 880 3206 sacramentis
898 3154 957 3204 ute·

72 3220 157 3278 nm.
195 3222 286 3285 Edem
304 3222 432 3276 mataeol.
451 3220 555 3280 haeret.
570 3223 649 3276 class.
674 3226 713 3277 13.
732 3238 760 3290 p.
780 3223 851 3286 254.)

725 3312 790 3362 ,sir
901 3369 904 3375 Ι
