2250 3772
102 235 146 302 46
447 234 500 299 De
522 256 546 297 s.
569 244 678 297 sancta
791 222 794 239 ’

108 413 135 460 ct
153 409 180 460 2.
202 405 324 459 Timoli.
341 409 366 472 1,
385 407 426 456 11.
446 411 473 455 et
491 419 513 454 c.
533 405 560 466 2,
580 405 607 454 2.
644 402 719 454 Ibid.
740 401 793 455 col.
816 399 926 469 181111.
967 399 970 408 “

107 476 266 544 dopositum
286 472 323 526 ab
341 471 467 542 apostolo
484 471 539 540 ipsi
558 470 734 526 commissum
748 469 888 524 custodire
897 468 970 539 jube

104 543 161 599 Per
179 542 335 623 depositum
359 540 433 597 enim
451 540 556 595 bonum
573 540 768 610 intelliguntur
784 555 840 593 non
856 537 970 592 traditio

105 618 309 681 non-scriptae,
336 609 422 664 multo
448 609 540 663 minus
571 608 735 663 decantatae
761 607 832 662 istae
861 605 970 676 pontific

106 681 267 750 Scripturas
293 696 309 733 e
332 678 467 733 diametro
493 678 660 745 contrariae,
688 694 785 732 verum
808 692 879 730 evan
919 675 952 729 lii

106 749 202 817 ctrina,
222 748 252 803 id
267 748 342 820 quod
361 751 471 801 constat
488 763 503 800 e
520 764 546 800 v.
563 752 601 801 11.
622 752 650 801 et
667 752 707 801 11.
728 750 757 800 et
776 749 800 798 1.
812 746 853 797 od
888 745 970 798 imotl

104 818 227 890 Reliqua
245 833 260 871 c
279 816 468 887 superioribus
485 813 632 884 dijudicari
649 815 784 884 possunt.)

138 972 200 1040 Ι41.
237 973 402 1037 Coronidis
422 972 484 1035 vice
508 994 603 1034 uncos
625 971 725 1033 adduc
745 989 876 1055 quaero:
900 991 970 1032 onor

312 1056 478 1141 Scriptura
502 1058 542 1118 sit
561 1055 649 1119 litero
670 1052 812 1117 mortua?

194 1191 301 1258 Absit.
344 1191 405 1254 Est
423 1189 508 1253 enim
529 1190 556 1254 1.
602 1189 722 1254 otentia
735 1187 800 1252 Dei
820 1187 862 1253 ad
885 1187 970 1252 salut

107 1276 196 1342 omni
217 1275 369 1351 credenti,
390 1275 482 1339 Rom.
505 1274 535 1351 1,
558 1211 607 1339 ltl.

195 1381 257 1442 Est
276 1379 305 1443 2.
328 1377 462 1440 verbum
483 1374 578 1452 vitae,
599 1374 671 1439 vide
693 1379 762 1438 Act.
777 1375 808 1459 5,
829 1375 881 1451 20,
906 1396 946 1438 ex
969 1411 970 1423 ,

102 1464 158 1548 jus
185 1463 296 1527 auditu
310 1461 420 1525 -fidem
449 1460 663 1559 concipimus,
693 1461 785 1524 Rom.
809 1460 860 1538 10,
887 1461 938 1536 17,
966 1482 970 1544 t

108 1548 197 1634 quod
218 1548 252 1612 in
275 1546 439 1611 Christum
462 1544 871 1622 credrmus,Jols.17,20,
901 1556 934 1608 et
965 1568 970 1630 r

109 1633 197 1720 quod
218 1633 291 1697 Deo
314 1653 372 1695 nos
396 1630 518 1694 salvare
540 1629 669 1715 placuit,
691 1631 718 1695 1.
745 1632 813 1696 Cor.
837 1630 939 1706 1,21.

194 1735 256 1798 Est
277 1735 306 1800 3.
329 1755 434 1796 sermo
456 1731 546 1795 vivus
569 1742 600 1794 et
620 1731 734 1795 efficax
755 1730 868 1814 quovis
889 1731 970 1817 anci]

107 1819 219 1968 pladio
242 1817 470 1906 penetrabilior
491 1826 567 1916 ete,
589 1818 685 1882 Hedr.
707 1818 738 1893 4,
761 1817 809 1882 12.
853 1815 921 1895 Qui
943 1839 970 1881 er

119 1917 200 1970 rtera
220 1916 346 1969 mortua
366 1925 436 1989 esse
457 1903 579 1988 possrt?

179 2039 274 2105 (Retio
289 2045 311 2093 1.
324 2037 477 2093 desumitur
490 2035 527 2090 ab
541 2035 676 2106 adjuncta
687 2035 714 2088 vi
730 2039 758 2089 et
771 2033 907 2091 efficacia
938 2042 962 2092 2.

109 2107 219 2174 effectu,
239 2123 324 2162 causa
340 2104 546 2162 instrumentali
564 2104 718 2159 declarato:
735 2106 850 2160 verbum
863 2105 970 2160 enimu‘

110 2176 213 2231 dicitur
229 2183 389 2244 metonym,
409 2175 475 2244 quia
499 2173 669 2242 spiritualem
686 2173 772 2226 vitam
789 2174 818 2227 in
839 2175 919 2228 nobis
938 2190 970 2245 pe

110 2244 157 2307 cit,
175 2243 268 2307 fidem,
285 2252 420 2312 tanquam
431 2241 618 2296 necessarium
630 2240 759 2304 medium,
777 2243 914 2310 accendit,
933 2249 962 2297 et

6 2378 9 2382 .
109 2312 186 2365 illam
197 2327 248 2365 nos
260 2311 351 2365 salvos
362 2310 438 2366 facit.
475 2316 498 2364 3.
517 2311 544 2363 Α
556 2309 700 2363 contrariis
712 2309 895 2380 privantibus,
918 2311 970 2366 effe

109 2377 970 2519 tt,‚⁰‘seruauerinttuctu-tlt,ssssttstltlt

108 2534 160 2588 pro
179 2523 289 2571 mortua
304 2517 386 2572 litera
402 2514 513 2571 hebent.
551 2514 676 2586 Ideoque
694 2517 826 2572 coelestes
838 2518 970 2572 revelatio

110 2591 139 2642 et
151 2585 353 2641 enthusiasmos
374 2584 573 2655 exspectandos
589 2584 854 2645 fanaticeasserunt.
875 2587 970 2641 Hirti

108 2663 182 2724 pust.
205 2656 287 2721 Couf.
311 2672 338 2725 p.
361 2659 391 2709 31
414 2669 491 2725 seqq.
530 2653 612 2722 casp.
637 2652 860 2722 Solweolccfclol.
882 2656 963 2725 epist.

109 2723 129 2778 f.
149 2730 207 2779 161.
228 2741 279 2794 per
295 2729 347 2781 tot.
391 2723 523 2791 Wipaod.
543 2722 572 2776 in
591 2721 692 2775 Anaba
713 2723 784 2776 tiam.
804 2741 833 2806 p.
857 2730 878 2779 l.
900 2741 963 2777 cum

109 2810 174 2848 men
192 2791 318 2847 Christus
337 2796 365 2846 et
382 2790 501 2861 apostoli
518 2808 574 2845 non
593 2791 630 2844 ad
648 2741 860 2846 entlusiastroas
878 2793 970 2846 revela

110 2879 168 2926 nes,
187 2861 236 2916 scd
254 2860 291 2914 ad
308 2858 479 2931 Scriptorum
495 2877 546 2914 nos
564 2859 713 2928 remittant,
732 2863 801 2914 Luc.
818 2864 861 2928 16,
881 2865 926 2917 29.
955 2863 970 2915 s'

110 2935 137 2994 5,
157 2932 204 2988 39.
240 2934 264 2984 1.
286 2931 401 2996 rimu,
422 2931 465 2985 13.
505 2931 531 2982 2.
549 2928 626 2981 Petr.
645 2935 669 2982 1.
690 2932 732 2984 19.
771 2928 880 2984 Confer.
897 2947 961 2983 cum

109 2998 210 3055 iterun
227 2996 394 3054 emblemata
406 2997 491 3066 ponti
511 2998 619 3050 ciorum
630 3014 704 3067 supr.
719 3015 744 3068 q.
759 3005 782 3054 3.
795 2997 932 3068 opposita
961 3002 970 3052 i

110 3065 302 3148 obstot,·quod
321 3069 464 3136 apostolus
495 3081 575 3137 egem
585 3064 693 3119 literam
705 3068 876 3122 occidentem
889 3068 970 3121 nomi]

110 3138 137 3189 2.
150 3135 274 3199 Corinth,
284 3140 310 3202 3,
322 3138 347 3188 6.
377 3135 429 3190 Est
442 3134 516 3189 enim
538 3140 561 3189 1.
580 3151 598 3187 a
615 3135 785 3204 particulari,
803 3153 902 3206 nempe
920 3136 970 3191 alc

108 3204 181 3259 Inde
198 3210 291 3260 autem
308 3203 346 3258 ad
363 3203 519 3258 universam
539 3202 710 3272 Scriptorum
728 3205 931 3276 argumentari,
957 3222 970 3259 e

110 3270 229 3345 demque
248 3271 358 3328 literam
377 3281 514 3327 mortuam
534 3287 601 3341 esse,
620 3273 784 3328 concludere
797 3273 876 3338 velle,
897 3280 925 3328 et
936 3273 970 3326 im
