2250 3772
109 246 174 313 296
245 243 352 332 Caput
373 245 417 311 II.
460 246 513 310 De
535 245 683 331 symbolo
703 244 886 330 apostolico.

109 414 257 487 gloriosam
282 415 392 468 divinae
414 414 568 483 majestatis
592 413 778 484 praesentiam
799 416 829 466 et
849 407 982 465 nemrim

109 483 379 554 contemplationem.
405 482 485 537 Deus
502 483 576 537 enim
593 492 653 537 tum
674 483 728 537 erit
738 480 869 536 omniain
881 477 984 541 omnibu

109 556 134 605 1.
148 554 212 609 Cor.
226 555 270 620 15,
288 555 332 607 28.
358 553 424 620 Ipse
443 568 571 622 namque,
588 552 676 606 veluti
693 552 797 604 iterum
814 546 987 625 uomitu

109 621 203 691 quitur
219 621 237 675 l.
257 626 298 675 22.
318 620 353 674 de
372 621 446 675 civit.
465 621 527 689 Dei,
545 637 568 674 c.
587 626 628 675 30.
646 626 667 673 t.
688 626 711 675 5.
730 619 782 674 eol.
804 624 878 674 1394.
894 617 925 684 Δ,
935 617 989 685 lint

108 690 163 744 erit
182 689 391 743 desideriorum
402 697 569 756 uoatrorum,
587 690 637 757 qui
647 690 706 742 siue
718 690 779 757 fine
792 686 933 755 uidebitur,
945 683 990 737 stu

49 810 52 815 ,
101 758 231 828 fastidio
249 758 399 826 amabitur,
418 759 477 811 eiua
498 759 704 826 defatioatioue
720 754 912 824 laudabitur.)

290 878 339 944 13.
375 876 472 955 Quale
493 889 538 941 est
556 900 683 963 requam
705 860 842 941 Cluui?

191 994 268 1059 Non
286 1005 334 1059 est
354 995 560 1071 mundanum,
581 996 654 1057 dole.
678 994 728 1071 18,
750 994 803 1070 36,
824 992 881 1057 s'ed
903 992 926 1057 1.
943 984 993 1075 rpi-

108 1077 239 1164 rituale,
273 1080 349 1163 quia
377 1080 492 1145 virtute
512 1078 602 1143 verbi
627 1078 661 1141 in
680 1078 741 1143 hac
760 1077 828 1142 vita
846 1074 993 1164 perficitur,

108 1164 137 1229 2.
166 1164 235 1230 Cor.
260 1167 310 1241 10,
332 1169 361 1227 4.
383 1166 414 1249 5,
438 1176 470 1229 et
490 1166 520 1232 2.
543 1175 715 1248 aeternum,
739 1163 816 1246 quia
832 1163 921 1250 regni
938 1160 993 1245 ejufl

107 1270 174 1312 non
194 1249 254 1313 erit
273 1249 356 1335 finis,
378 1251 455 1315 Lue.
480 1251 508 1326 1,
531 1250 590 1325 33;
613 1250 700 1314 Dan.
723 1249 754 1325 2,
775 1248 827 1314 44.

178 1367 196 1436 (
197 1367 309 1421 Errant
335 1367 422 1438 igitur
447 1373 468 1421 1.
488 1365 628 1422 oeooeeati
644 1366 768 1434 Judues'‚
792 1365 841 1436 qui
855 1360 993 1419 salundu

109 1436 224 1506 quaevis
249 1435 301 1490 sibi
326 1436 360 1490 de
381 1442 491 1490 terrena
513 1436 593 1506 regni
616 1434 734 1489 Messiae
760 1434 850 1506 gloria
894 1428 993 1487 uertite

108 1503 254 1561 somniant.
303 1507 342 1558 D.
369 1504 528 1574 Christoph.
557 1504 668 1560 Heluio.
696 1502 802 1558 elench.
830 1452 952 1558 Julssor.
971 1498 993 1551 ³·

107 1572 208 1626 memb.
230 1579 253 1627 2.
272 1574 307 1629 de
325 1573 372 1628 off.
386 1572 467 1628 Mass.
486 1590 544 1644 reg.
563 1578 583 1626 t.
600 1579 624 1626 4.
645 1572 746 1641 disput.
769 1571 858 1627 Giess.
871 1578 896 1625 6.
911 1587 935 1639 n
949 1568 993 1621 na.

106 1642 219 1694 Errant
237 1647 261 1698 2.
283 1642 437 1696 Chellaetue
456 1641 515 1696 sive
532 1641 704 1709 Milleuaru',
723 1641 771 1711 qui
795 1638 930 1693 Christum
945 1632 993 1707 μί

106 1710 226 1763 reditum
244 1710 280 1763 ad
294 1711 432 1781 judicium
451 1729 502 1780 per
522 1710 598 1764 mille
615 1725 700 1762 annos
718 1726 820 1763 novum
837 1716 993 1778 regnumne·

106 1778 150 1834 bis
168 1780 205 1833 ad
217 1780 366 1835 carnaliter
377 1780 534 1847 vivendum,
552 1778 741 1849 generandum
753 1785 781 1832 et
791 1772 993 1831 manducantur

106 1847 301 1903 inchoatarum
318 1848 439 1903 fanatice
460 1848 584 1917 persensi
595 1846 715 1901 fuerunt.
742 1847 807 1903 Vid.
818 1842 993 1916 Aequaret·

108 1917 143 1971 de
163 1916 193 1973 C.
212 1918 247 1971 D.
266 1919 348 1987 capit.
368 1924 391 1973 7.
416 1923 436 1970 t.
456 1924 479 1970 5.
503 1916 553 1971 ool.
576 1922 648 1971 1205.
669 1914 699 1969 C.
719 1933 776 1997 seq.
815 1914 918 1970 Contra
931 1912 993 1991 Bi*

110 1988 152 2050 14,
171 1992 211 2042 17.
246 1987 328 2040 Nilu'l
348 1986 392 2040 hio
410 1987 509 2054 obstet,
532 1985 606 2056 quod
616 1983 741 2038 Christus
760 2003 789 2037 1n
807 2000 894 2055 regno
911 1980 993 2055 glou&

105 2054 258 2108 traditurus
278 2062 321 2109 est
337 2072 455 2127 regnum
475 2056 535 2108 Deo
558 2060 586 2107 et
604 2053 695 2119 Patri,
716 2057 741 2107 1.
761 2052 887 2110 Corinth.
906 2054 948 2118 15,
961 2046 993 2101 ll

106 2121 199 2175 Intelli
223 2124 323 2177 endum
342 2124 371 2177 id
389 2125 462 2178 enim
480 2129 523 2177 est
540 2123 632 2193 quoad
652 2121 862 2176 administrandi
873 2119 993 2183 ratlanm.

126 2206 190 2243 uam
229 2192 255 2245 ie
273 2192 301 2245 in
313 2209 399 2263 regno
412 2191 519 2264 gratiae
533 2190 684 2260 usurpavit.
708 2189 819 2245 Confer.
831 2191 942 2244 Lutter.
953 2190 964 2239 t
975 2186 993 2237 1.

105 2207 218 2314 lenens.
238 2258 313 2313 latin.
336 2278 356 2329 p
384 2268 441 2316 372.
459 2262 486 2316 b.
523 2259 637 2313 interim
663 2274 719 2312 non
741 2276 770 2313 se
787 2259 853 2314 inde
869 2250 993 2328 separabit

107 2328 156 2380 Itu
175 2328 248 2380 euim
266 2329 322 2380 aibe'
338 2332 457 2383 traduat
474 2346 600 2398 reguum,
621 2336 651 2380 ut
664 2345 753 2396 aeque
764 2329 823 2396 ille,
844 2329 894 2396 qul
904 2320 993 2393 atolfi.

107 2395 232 2448 alienum
249 2397 380 2465 acquirat
419 2416 507 2467 neque
527 2399 577 2466 qui
594 2398 684 2450 tradit
702 2397 827 2461 amittat,
850 2392 993 2450 Ambracus

106 2463 223 2546 tudo
242 2464 292 2546 fid..
312 2467 348 2546 ad
367 2439 484 2521 (iratisn
512 2474 532 2521 t.
551 2473 574 2519 2.
604 2482 626 2519 e.
649 2472 673 2520 4.
691 2484 719 2535 p.
739 2471 780 2519 61.
816 2460 993 2540 potestatam

105 2550 153 2602 ple
170 2551 210 2587 sre
230 2551 327 2604 aempr,
348 2537 422 2606 quod
439 2535 528 2589 Filius
542 2534 695 2602 ecelesiam,
716 2550 798 2604 quam
818 2551 868 2589 suo
881 2538 992 2603 sangui&

104 2602 265 2685 aequisivit,
294 2604 371 2659 sistet
387 2604 449 2660 Deo
468 2604 561 2669 Patri,
591 2603 671 2671 eujus
697 2603 849 2658 autoritate
875 2620 934 2659 eam
951 2592 992 2653 ul·

104 2670 174 2743 legrt
191 2679 220 2729 et
237 2672 371 2727 haetenus
389 2674 563 2728 conservavit
580 2676 643 2738 eto.)

246 2810 311 2874 DE
332 2808 486 2876 STATU
507 2808 878 2876 EXINANITIONIS.

107 2929 135 2995 l.
167 2934 258 2993 Anae
282 2930 421 2993 Cluietue
441 2928 498 2990 lroe
520 2952 608 2991 suum
638 2932 773 3011 officium
796 2932 876 3014 pari
897 2938 989 3007 sumpt?

378 3014 470 3077 modo
493 3013 742 3077 administravit?

187 3113 278 3190 Non3
300 3112 482 3198 symbolum
502 3135 640 3197 namque
662 3115 874 3199 apostolieum
893 3100 987 3179 eStri·

105 3208 198 3282 ptura
212 3199 349 3263 duorum
363 3198 585 3262 distinctorum
600 3211 738 3263 statuum
753 3200 912 3275 meminit,
929 3208 988 3279 qll0·

104 3305 176 3347 rum
197 3284 277 3349 alter
298 3283 530 3370 exinanitionis,
554 3283 633 3348 alter
653 3286 856 3351 exaltationis
876 3281 978 3349 dieitur.
