2250 3772
273 265 325 330 De
346 265 539 351 Augustani
559 265 766 331 confessione.
912 266 977 332 625

57 435 144 489 Haec
162 434 191 488 ei
205 435 269 502 anie
283 433 351 487 velit
368 435 465 488 odioee
482 450 660 504 enapperore,
679 450 764 503 qnam
779 434 869 487 matta
905 433 976 487 oeeit

57 504 213 573 cotiipere,
233 520 351 572 quornm
363 503 429 571 jam
446 504 526 572 ipeoe
541 504 691 556 monachoe
705 506 802 585 podet.
838 503 866 555 Α
905 503 977 556 haec

56 580 263 643 perenaeerrmt
279 570 449 640 hominibne‚
475 572 606 636 factitiae
629 572 685 625 reii
702 589 780 626 eonee
797 588 855 625 eeee
872 579 976 624 etatum

55 641 236 696 chrictianae
248 640 444 711 perfectionis.
478 641 526 693 An
544 658 601 694 non
621 648 662 694 eet
677 590 729 694 iac
742 640 976 710 jmtificationem

61 710 185 765 trihtrere
203 710 354 779 operibne?
388 711 454 763 Non
479 717 519 762 eet
536 711 594 762 leve
612 711 780 763 ecandalnm
797 710 828 762 in
847 709 973 774 eccteeia,

51 779 170 851 popolo
183 795 345 848 proponere
364 786 469 830 certam
484 778 595 847 atham,
613 779 648 831 ab
667 779 822 832 hominihne
837 778 976 845 cacapite·

58 857 123 902 han
141 849 200 901 eine
218 850 354 901 mandato
370 848 444 914 Dei,
462 854 489 899 et
506 850 619 915 docere,
644 850 721 916 qnod
738 848 807 901 tolie
824 849 913 900 caitae
924 848 974 915 jn·

56 917 165 980 etificet
180 917 320 982 hominee‚·
339 916 528 985 qniajaetitia
545 917 621 985 fidei,
658 934 723 969 noem
737 917 855 970 macinae
866 923 976 985 oportet

57 985 145 1040 tradi
162 986 192 1038 in
210 985 336 1049 ecclesia,
358 985 531 1051 ohecnratnr,
549 1002 611 1037 cnm
628 934 698 1038 iiico
709 985 847 1054 mirificae
857 985 974 1054 rehipio·

59 1070 113 1108 nee
136 1053 315 1121 anpelornm,
340 1053 484 1106 simulatio
504 1054 683 1135 paupertatis
704 1062 730 1106 ct
747 1054 926 1122 hamditatie‚
950 1059 976 1106 et

59 1122 217 1177 coelihatne
236 1122 418 1191 offundantur
435 1122 524 1174 ocnhe
542 1122 691 1178 hominnm.

134 1191 291 1245 Praeterea
308 1191 492 1244 ohecnromtar
505 1197 663 1259 praecepta
679 1191 741 1242 Dei
762 1197 788 1242 et
808 1207 888 1243 verne
916 1191 974 1245 enh

58 1268 108 1314 me
128 1261 200 1324 Dei,
223 1277 285 1312 cam
302 1260 425 1313 audiant
444 1260 584 1339 heminae,
608 1258 684 1311 coloe
703 1259 853 1312 monachae
868 1275 927 1312 eeee
944 1261 976 1312 in

57 1334 139 1383 etam
150 1329 344 1398 perfectionie,
364 1329 432 1397 qnia
456 1329 596 1397 perfectio
614 1328 771 1381 erratione
789 1336 830 1381 eet
847 1328 922 1381 eerio
940 1328 974 1381 ti·

61 1413 141 1452 mere
159 1399 261 1461 Deam,
281 1405 307 1450 et
322 1414 421 1449 rnreae
442 1396 588 1465 concipere
606 1413 737 1465 maonam
757 1398 848 1466 fidem,
869 1404 895 1450 et
912 1414 975 1450 con·

59 1468 153 1532 fidere
170 1474 288 1535 propter
306 1465 460 1534 Ohreetam,
479 1466 556 1535 qnod
571 1466 702 1519 habemne
711 1467 804 1518 Deam
817 1466 973 1535 placatum,

54 1543 159 1605 petere
187 1553 206 1588 a
224 1536 289 1587 Deo
323 1543 350 1587 et
372 1542 447 1587 certo
470 1543 630 1604 eaepectare
649 1534 784 1588 ancilium
802 1535 832 1587 in
850 1536 975 1588 omnibne

59 1604 145 1658 rehne
161 1604 294 1671 perendie
305 1603 392 1672 jacta
410 1604 591 1661 vocationem.
625 1603 743 1656 Interim
760 1604 837 1668 forie
855 1605 974 1672 diiipen·

58 1682 106 1727 ter
118 1672 222 1741 facere
240 1674 313 1726 hona
334 1688 434 1740 opera,
460 1681 486 1725 ct
504 1673 609 1725 eeroire
626 1673 776 1727 vocationi.
814 1673 852 1725 In
871 1673 914 1726 hie
931 1689 974 1726 re·

60 1742 114 1795 oue
134 1748 176 1794 eet
192 1757 260 1794 vera
272 1740 429 1809 perfectio,
446 1749 472 1794 et
488 1758 569 1794 verne
589 1743 680 1794 caitae
698 1741 769 1808 Dei,
786 1758 843 1794 non
860 1742 890 1794 in
908 1759 969 1809 coe·

57 1810 154 1865 hibatn
171 1816 221 1862 ant
237 1809 422 1875 mendicitate,
442 1816 491 1862 ant
511 1818 582 1862 reete
603 1810 732 1868 sordida.
768 1808 869 1862 Veram
880 1827 921 1878 po

58 1880 109 1934 hee
129 1879 252 1960 concipit
272 1879 375 1931 malem
392 1878 571 1946 perniciosae
594 1878 741 1945 opinionee
758 1893 791 1930 ea
809 1878 870 1930 iilic
880 1881 923 1944 fa
934 1879 975 1931 eie

51 1948 223 2018 praeconiis
248 1948 321 2000 ritae
345 1946 522 2001 monadicae.
555 1946 656 1999 Audit·
670 1947 731 1998 eine
753 1948 836 1998 modo
855 1946 976 2000 laudari

56 2015 248 2082 coelibatum,
264 2016 329 2068 ideo
347 2033 408 2067 cam
425 2015 580 2068 oeteneione
596 2014 780 2067 conecientiae
797 2024 927 2069 oereatnr
943 2017 974 2069 in

55 2085 205 2154 conjapio.
247 2085 341 2137 Andit
367 2084 444 2136 eoloe
472 2085 614 2150 mendicae
639 2098 698 2135 eeee
718 2085 880 2151 perfectae,
908 2085 974 2138 ideo

58 2172 126 2207 oran
143 2153 295 2224 offensione
311 2153 496 2205 comcientiae
513 2152 615 2205 retinet
636 2151 829 2220 poeeeeeionee
848 2160 874 2206 et
890 2170 974 2222 nepo-

58 2222 161 2279 tiatnr.
198 2221 289 2274 Andit
308 2222 455 2274 comitiam
473 2220 662 2289 eoanpelicam
679 2237 737 2275 ecee
755 2222 790 2274 de
810 2239 865 2275 non
881 2223 974 2276 oindi·

54 2291 173 2359 cando,
199 2292 263 2344 ideo
291 2291 348 2343 aiii
371 2291 402 2342 in
421 2289 539 2360 privata
564 2291 623 2343 rita
645 2307 701 2342 non
719 2298 848 2343 verentur
866 2292 974 2357 nicoeni,

55 2359 185 2415 audiant
203 2361 275 2413 enim
293 2359 442 2413 consilinm
461 2375 527 2427 eeee,
544 2377 599 2412 non
614 2367 804 2428 praeceptum.
835 2359 901 2413 Alii
916 2379 973 2415 om·

55 2444 110 2554 3
127 2429 309 2497 mapietrotne
331 2436 357 2480 et
382 2427 481 2481 ciorhia
500 2428 601 2495 officia
616 2428 752 2497 judicant
777 2429 896 2496 indipna
914 2446 973 2484 eeee

105 2496 244 2556 rietianie,

131 2566 275 2632 Leprmtnr
301 2565 427 2634 coempta
448 2562 604 2626 hominnm,
628 2564 678 2633 qni
698 2566 809 2617 decerto
835 2564 975 2632 coninpio,

53 2624 176 2689 decerta
192 2634 238 2687 rei
256 2634 366 2687 nhlicae
386 2632 633 2687 admimetratione
651 2633 822 2686 abdiderant
833 2650 863 2685 ee
874 2634 904 2686 in
914 2652 973 2688 mo·

57 2702 198 2757 maderio.
230 2652 270 2755 fd
285 2704 423 2756 vocabant
440 2705 541 2770 fnpere
559 2717 592 2753 ea
610 2702 723 2767 mando,
741 2709 767 2753 et
783 2718 917 2770 quaerere
933 2704 974 2756 oi-

54 2781 108 2827 toe
131 2787 217 2853 penne
240 2774 318 2841 qaod
340 2773 406 2825 Deo
422 2771 514 2839 mapie
532 2770 674 2838 placeret,
692 2786 742 2823 nec
759 2771 894 2824 ridebant
908 2773 974 2826 Deo

53 2842 240 2895 comendam
264 2857 323 2894 eece
346 2841 378 2893 in
404 2840 466 2894 illie
488 2837 646 2905 mandatio,
670 2855 742 2907 prae
763 2838 825 2906 ipee
842 2840 975 2909 tradidit,

55 2926 120 2963 non
147 2908 179 2961 in
199 2910 358 2976 mandatis,
384 2925 455 2977 qnae
477 2915 543 2961 eant
569 2907 726 2974 excapitata
749 2907 785 2961 ab
809 2907 973 2964 hominihae.

56 2978 176 3045 Bonnm
199 2985 226 3030 et
242 2979 404 3059 perfectam
425 2976 500 3030 vitae
522 2992 608 3044 perna
625 2983 680 3039 eet,
699 2977 778 3046 qaod
793 2976 875 3030 hahet
895 2995 973 3030 man·

58 3046 161 3101 datam
187 3046 253 3102 Der.
289 3047 335 3099 De
358 3046 402 3099 hie
424 3047 507 3100 retae
531 3059 640 3098 neceeee
659 3052 700 3097 eet
717 3046 869 3098 admonere
886 3046 974 3099 homi·

57 3130 122 3169 nee.
157 3115 198 3168 Et
218 3122 284 3168 ante
301 3116 368 3169 haec
380 3108 513 3184 'tempora
530 3112 712 3184 reprehendit
727 3112 836 3167 Gereon
848 3130 976 3169 errorem

55 3183 262 3239 monachornm
279 3185 316 3237 de
329 3184 520 3266 perfectione,
549 3191 575 3235 et
591 3188 710 3234 teetatnr
727 3181 786 3232 onie
804 3184 977 3252 temporihne

57 3268 164 3307 novam
181 3268 275 3305 rocem
289 3253 389 3323 fonce,
409 3255 487 3322 prod
502 3252 562 3305 rito
579 3250 734 3303 monadica
751 3250 789 3303 eit
807 3259 898 3305 etatae
906 3270 978 3322 por·

43 3319 205 3395 forme·
