2250 3772
314 292 317 299 ·
357 273 410 379 De
430 285 573 340 extremo
594 222 723 359 judicio.
931 274 995 341 309

104 438 285 496 administrans
303 440 363 498 sive
377 443 466 512 judex
481 443 592 498 futurus
610 447 653 498 est
665 442 790 497 Christus
804 443 931 500 Salvator
947 461 995 499 no-

106 513 158 562 stor.
190 508 263 564 Huic
278 511 352 565 enim
369 511 455 566 Pater
473 529 554 567 omne
571 512 648 566 dedit
662 512 807 583 judicium,
825 513 891 582 quia
907 511 996 566 Filius

107 574 208 632 bominis
225 585 275 647 est,
294 580 361 633 Joa.
381 586 408 648 1,
428 583 471 635 27.
505 580 544 634 Et
561 579 691 651 definitus
709 585 751 635 est
770 580 852 635 ‘udex
869 581 995 635 vivorum

112 659 136 698 ao
148 653 319 717 mortuorum,
337 652 434 702 Actor.
448 652 492 706 10.
505 653 549 706 42.
567 655 596 704 et
614 653 656 718 17,
673 653 718 706 31.
753 598 809 704 libi
827 653 921 704 tamen
938 666 995 704 non

114 712 245 791 eadnditur
261 715 349 772 Pater
372 724 400 772 et
418 717 536 787 Spiritus
554 724 681 784 sanctus,
708 719 757 772 sed
774 725 887 788 propter
902 734 995 773 essen·

114 783 157 835 aa
169 785 296 840 unitatem
314 785 502 840 includuntur.
542 787 595 840 Est
612 785 685 841 enim
701 786 839 856 judicium
854 786 907 841 hoc
924 803 994 856 opus

116 848 143 901 td
155 859 220 907 extra
250 852 320 909 ldeo
333 854 493 909 individuae
504 855 623 910 trinitati
641 872 799 924 commune,
815 862 885 925 puta
902 855 993 936 quoad

116 914 236 997 imaum,
251 938 416 977 consensum
434 929 463 979 et
480 925 661 978 autoritatem.
690 923 755 994 Ipse
772 923 845 978 enim
862 928 994 995 antiquus

72 1005 79 1023 ·
118 982 199 1049 daun
215 990 303 1053 (Deus
320 991 415 1059 l'ater)
438 992 511 1047 sedit
534 992 571 1046 ad
591 992 741 1063 judicium,
759 995 836 1046 Dan.
857 995 929 1058 7,9.
949 995 993 1050 10.

117 1048 261 1134 Et‘tlpiritus
279 1065 391 1114 sanctus
410 1067 511 1131 arguet
526 1062 668 1129 mundum,
687 1067 740 1115 eto.
756 1061 822 1115 Joa.
834 1065 878 1125 16,
889 1064 913 1116 8.
938 1060 993 1114 Ex·

117 1125 214 1180 acaum
234 1144 301 1182 varo
321 1134 414 1198 actus,
430 1129 531 1200 judicii
553 1129 668 1184 visibilis
686 1129 881 1210 promulgatio,
900 1134 929 1183 et
945 1146 991 1185 ex-

118 1195 195 1272 aratio
217 1196 370 1252 sententiae
392 1197 466 1253 latae
489 1199 542 1253 erit
566 1197 683 1266 Christi,
713 1199 761 1270 qui
786 1198 932 1253 visibiliter
957 1197 994 1252 de

118 1261 215 1317 mulus
230 1266 396 1321 sententiam
415 1267 487 1322 feret
505 1273 534 1322 et
548 1267 634 1321 latam
653 1272 811 1337 exequetur.
847 1266 930 1320 Nihil
948 1267 994 1319 ob-

117 1331 157 1380 lat
169 1333 227 1387 Joa.
239 1337 265 1400 5,
277 1337 324 1388 22.
357 1334 442 1389 Pater
459 1335 532 1390 enirn
551 1353 607 1389 non
622 1336 733 1404 judicat
748 1352 914 1406 quenquam,
933 1333 994 1391 scil.

118 1408 211 1455 aonam
229 1402 289 1457 sins
308 1402 397 1472 Filio,
420 1404 469 1458 sed
488 1421 539 1474 per
556 1405 671 1472 Filium,
694 1404 740 1458 cui
756 1419 839 1458 omne
854 1402 994 1473 judicium

118 1460 179 1550 didit,
193 1488 218 1526 v.
236 1471 296 1526 eod.
313 1471 411 1526 Actor.
427 1476 469 1542 17,
486 1475 531 1529 31.
572 1475 633 1527 Nec
651 1474 742 1527 obstat
760 1478 784 1527 2.
804 1474 863 1526 Joa
889 1475 933 1541 12,
952 1474 994 1524 48.

115 1526 222 1605 loquar
249 1539 322 1594 enim
351 1541 386 1595 do
411 1542 535 1596 adventu
562 1559 613 1595 suo
638 1542 728 1611 primo
754 1541 783 1595 in
808 1558 920 1597 carnem
963 1540 993 1594 in

115 1613 155 1717 §aa
168 1623 216 1661 non
234 1609 325 1677 venit,
352 1616 383 1663 ut
406 1610 540 1664 mundum
565 1611 744 1678 condemnet,
767 1610 818 1663 sed
842 1616 875 1664 ut
897 1614 993 1678 savet,

111 1712 114 1717 -
130 1671 162 1724 ol
175 1678 251 1744 3,17,
266 1693 324 1731 non
339 1695 405 1733 vero
422 1678 458 1733 de
475 1679 597 1734 adventu
616 1680 747 1747 secundo,
768 1679 816 1749 qui
835 1685 876 1733 est
893 1679 930 1732 ad
946 1679 992 1748 ju·

114 1733 198 1797 daun.
231 1747 294 1799 Nec
312 1747 404 1800 obstat
420 1753 444 1803 3.
464 1749 539 1819 qnod
558 1755 586 1802 et
604 1747 721 1818 apostoli
738 1747 885 1802 duodecim
902 1747 993 1801 tribus

70 1828 72 1835 ·
114 1798 183 1892 Idaei,
198 1815 302 1870 Mattio.
322 1818 366 1883 19,
385 1817 428 1885 28,
452 1824 480 1871 et
505 1817 595 1871 saneti
613 1817 747 1870 mundum
769 1817 899 1870 dicuntur
917 1814 992 1886 judi·

113 1880 185 1948 wan,
200 1886 223 1938 1.
242 1882 369 1938 Corinth.
389 1888 415 1953 6,
433 1887 460 1943 2,
495 1885 543 1939 Fit
558 1885 631 1940 enim
649 1885 702 1939 hoc
721 1884 813 1954 quoad
831 1884 956 1953 prolatae
974 1899 993 1937 a

114 1936 195 2023 §inco
211 1952 364 2007 sententiae
381 1954 610 2023 approbationem
626 1958 655 2008 et
672 1953 908 2022 subscriptionem.
941 1952 993 2005 Est

70 2048 72 2058 ·
113 2020 175 2079 aar
194 2019 225 2074 in
243 2020 286 2075 his
304 2022 475 2091 argumentis
493 2021 607 2077 fallacia
626 2039 644 2076 a
661 2022 735 2076 dicto
752 2021 904 2095 secundum
922 2019 992 2090 quid

114 2078 243 2143 addictum
256 2089 428 2160 simpliciter.
469 2091 507 2148 ll.
522 2091 671 2161 Subjectus
687 2091 777 2158 locus,
798 2108 814 2145 e
832 2106 887 2161 quo
904 2089 993 2159 judex

114 2158 230 2225 liturus,
253 2164 296 2212 est
321 2159 436 2240 coelum.
478 2160 503 2215 E
522 2161 599 2214 coelo
617 2160 786 2240 salvatorem
800 2164 926 2222 nostrum
947 2175 992 2212 ex·

112 2227 381 2372 diffidit·
396 2231 533 2364 ff’sfiffia
549 2227 993 2365 italllusltlllbattaa

113 2351 143 2422 ⁶⁴,
155 2362 211 2418 nde
228 2363 328 2429 veniet,
346 2382 401 2435 quo
413 2365 482 2420 disci
502 2366 542 2419 uli
554 2366 767 2421 adscendentem
781 2364 918 2434 viderunt,
929 2367 992 2418 Act.

113 2421 129 2484 1,
139 2430 176 2504 11.
205 2432 353 2487 Pueriliter
370 2450 436 2504 ergo
459 2434 475 2487 f
512 2451 553 2489 ac.
576 2433 718 2504 composit
742 2440 772 2488 et
790 2434 869 2488 divis.
891 2440 992 2500 errant,

111 2501 176 2616 aa
210 2501 328 2555 articula
347 2503 414 2555 inde
432 2501 572 2557 Christum
598 2521 613 2558 e
635 2505 732 2557 dextra
748 2502 802 2558 Dei
825 2509 993 2574 tanquams

212 2568 351 2639 judicium
367 2576 514 2626 venturum
532 2572 677 2642 colligunt.
704 2574 777 2625 Iade
794 2571 867 2625 enim
883 2589 939 2624 non
955 2568 993 2622 ad

111 2619 179 2711 &aar
188 2638 301 2692 dextrae
313 2638 366 2694 bei
382 2639 441 2720 (qui
453 2641 546 2694 nullus
561 2650 612 2703 est)
629 2640 757 2709 refertur,
775 2639 824 2694 sed
836 2641 873 2693 ad
885 2639 993 2694 coelum

73 2746 78 2773 ,
113 2688 203 2767 datum
214 2705 351 2770 intendit,
370 2708 492 2779 alioquin
512 2714 681 2780 sequeretur,
697 2715 759 2763 tum
774 2708 906 2779 temporis
916 2706 992 2762 Chri·

112 2764 165 2824 atum
179 2774 307 2829 thronum
324 2776 437 2832 dextrae
461 2778 598 2847 deserere,
623 2794 640 2831 a
662 2795 718 2848 quo
741 2784 834 2832 tamen
852 2792 994 2847 nunquam

110 2824 215 2917 Qut,
240 2843 325 2898 etiam
351 2846 464 2916 quando
486 2846 559 2901 infra
576 2847 683 2901 coelum
706 2846 735 2899 in
753 2845 884 2899 nubimus
904 2861 989 2914 appa·

112 2899 169 2977 rabat,
185 2913 288 2966 Marsa.
306 2916 350 2977 24,
366 2917 413 2968 30.
432 2919 460 2969 et
477 2918 523 2984 26,
541 2918 584 2969 31.
626 2914 679 2968 ΙΙΙ.
696 2914 797 2968 Forma
818 2914 878 2969 sive
894 2913 993 2967 modus

111 2967 219 3046 ¹,dventus
237 2980 322 3051 hujus
346 2982 479 3062 adjuncto
498 2983 604 3055 duplici
623 2983 792 3050 declaratur,
811 2983 887 3053 quod
908 2989 929 3036 t.
945 2997 992 3035 ve·

110 3047 151 3109 nst
162 3045 187 3101 in
197 3049 287 3104 forma
304 3049 415 3118 visibni,
434 3051 507 3106 sicut
524 3059 607 3108 antea
625 3053 717 3122 ipsum
736 3052 854 3132 apostoli
864 3050 993 3105 viderant

109 3114 131 3157 ¹²
144 3117 241 3172 coelum
264 3119 473 3177 ascendentem.
497 3122 596 3178 Actor.
614 3125 639 3189 1,
660 3125 708 3189 11,
731 3119 867 3174 vrdebunt
889 3119 994 3173 Filium

109 3163 201 3239 hlminis
224 3186 382 3242 venientem
402 3188 431 3241 in
453 3190 588 3258 nubibus,
612 3191 715 3243 Marco.
734 3191 785 3252 24,
810 3191 861 3256 30,
887 3187 994 3244 videbit

108 3251 249 3329 ⁶laromnis
268 3257 376 3325 oculus,
393 3258 513 3318 Aoocol.
533 3263 558 3327 1,
580 3263 601 3312 7.
638 3262 750 3313 Errant
772 3257 818 3311 hic
834 3257 927 3312 fallac.
945 3275 992 3326 op-

107 3319 243 3391 morsm,
262 3325 311 3396 qui
328 3341 347 3380 a
365 3325 469 3409 visibili
486 3327 539 3382 hoc
558 3326 652 3382 reditu
670 3325 855 3396 adjudicium
869 3326 993 3381 invisibi-
