2250 3772
103 178 195 299 284⁰
237 231 344 318 Caput
365 232 408 300 II.
453 214 506 298 De
526 232 673 319 symbolo
695 232 879 320 apostolico.

103 401 189 459 facta.
226 400 291 455 Alio
311 403 359 455 uin
385 411 615 470 consequeretur,
643 403 722 471 quod
747 401 807 457 locs·
831 406 858 454 et
881 396 980 471 spetiem

105 488 178 542 quas
190 472 228 525 D.
242 473 296 523 Lot
331 471 360 523 re'
375 469 461 524 verba
479 478 551 540 sunt,
572 474 776 525 dunsnetruna
788 486 925 540 separare,
935 482 982 537 pst·

105 558 205 593 aonam
225 539 332 593 carten·
349 539 478 593 diuidere
491 547 614 608 possent,
633 557 717 608 queam
730 547 824 592 tomen
833 550 985 608 nemetum,

104 625 193 730 neqpe
196 624 307 730 limosi
318 608 442 661 Diaboli
448 608 584 733 tdigidfre
598 618 648 662 eret
659 603 987 732 aepcprpriggotneiagl:
1032 618 1034 641 ²

106 693 180 734 con.
227 694 263 730 a.
304 692 424 731 ecoana
463 721 468 731 .
505 720 511 731 .
551 693 594 732 an.
633 694 699 731 erm.
731 694 767 732 o.
839 717 846 732 .

105 749 161 799 drea
173 696 353 815 praelucanae
369 747 451 813 apud
468 694 696 800 creaturasgmut
714 754 783 799 tres:
814 752 836 801 l.
852 741 989 814 praeemit

104 815 289 880 universalis,
308 831 400 868 rerum
418 814 476 867 scil.
494 815 616 869 omnium
634 814 843 886 gubernationis
860 819 890 868 at
905 826 989 867 consa·

104 883 233 950 sationis,
251 884 347 937 Actor.
366 889 407 951 17,
428 886 472 937 27.
510 890 533 938 2.
551 885 719 938 Praesentia
738 884 860 952 praticae,
878 880 990 953 gratim

106 951 164 1005 scil.
183 950 391 1006 inhabitationis
413 951 539 1005 fidelium
565 953 594 1006 in
612 953 665 1006 hac
681 952 748 1006 vita.
780 951 880 1022 anue
897 946 990 1019 vsltpi·

104 1019 212 1073 ritualia
231 1027 285 1084 est,
304 1037 375 1091 quae
393 1020 425 1073 fit
442 1038 492 1091 per
512 1020 612 1085 fidem,
635 1022 680 1075 vel
698 1019 919 1089 sacramentalis,
938 1030 990 1089 quat

105 1084 138 1142 fit
155 1088 342 1143 mediantibus
367 1090 499 1159 symbolis
528 1090 557 1143 in
585 1089 771 1146 sacramentis.
804 1096 829 1146 3.
847 1085 992 1143 mausus

105 1159 229 1226 pieriae,
247 1157 383 1238 gloriosae
403 1158 461 1211 scil.
485 1158 624 1214 finitionis
642 1166 770 1213 aeternae
787 1153 990 1213 beatitudinisin

106 1226 217 1281 coelesti
239 1233 305 1281 vita.
341 1225 394 1280 His
418 1226 530 1281 additur
557 1234 580 1283 4.
601 1227 769 1298 praeacutis
783 1227 943 1297 personalis
956 1222 991 1277 mi

105 1295 191 1365 λόγου
210 1301 237 1350 et
256 1303 414 1364 assumptae
425 1297 525 1362 carnis,
543 1314 615 1368 quae
627 1301 670 1350 est
682 1296 861 1367 singulariter
874 1291 990 1357 mhabilia

106 1372 134 1419 et
148 1363 311 1418 mirabiliter
323 1364 479 1435 singularis.
497 1365 672 1437 Argumenta
685 1366 780 1436 igitur,
792 1381 866 1436 quae
876 1364 920 1418 vel
929 1364 992 1417 istun

105 1432 246 1487 velillum
304 1438 387 1500 nunt,
410 1440 442 1486 ut
466 1434 541 1488 hunc
561 1434 720 1493 excludant,
743 1433 849 1489 elench.
867 1430 993 1504 :opponet

107 1517 218 1571 conseq.
235 1501 262 1555 la
299 1507 369 1556 rant.
403 1501 448 1556 Sic
464 1501 538 1557 fallit
554 1504 732 1557 decantatum
749 1502 821 1556 illud
838 1520 872 1558 ex
889 1500 992 1556 candent

108 1570 205 1626 eccles.
218 1570 301 1624 Luth.
314 1568 439 1625 Christus
456 1588 587 1640 praesens
604 1572 684 1626 nobis
703 1578 745 1626 est
756 1571 860 1652 Spiritu
878 1577 905 1625 et
921 1564 992 1623 dem

107 1656 137 1693 er
153 1640 190 1693 ist
206 1639 257 1692 mit
276 1656 328 1693 uns
345 1639 416 1693 wohl
434 1640 484 1693 auf
499 1641 563 1695 dem
578 1640 658 1702 Plan,
676 1640 728 1694 mit
746 1656 851 1694 samem
863 1638 939 1694 Geist
949 1630 993 1689 unl

106 1708 215 1763 Gaben.
243 1708 276 1765 E.
290 1725 345 1762 non
358 1707 537 1767 humanitate.
569 1708 681 1764 Gradus
700 1708 772 1764 euim
782 1706 993 1779 praesentiscens

106 1784 171 1831 sunt
190 1777 357 1846 opponendi,
376 1777 424 1832 sed
443 1777 656 1834 subordinandi:
677 1795 733 1832 non
751 1775 943 1843 confundendi,
956 1768 992 1825 sel

106 1846 303 1917 distinguendi.
347 1846 386 1900 Et
412 1862 521 1916 semper
546 1847 649 1918 gradus
676 1849 843 1916 posteriores
872 1842 994 1899 inuuunt

104 1917 222 1986 priores,
246 1933 302 1969 non
328 1920 432 1969 contra.
478 1915 523 1971 Sic
549 1916 571 1969 si
597 1916 679 1983 λόγος
708 1915 822 1985 ponitur
846 1920 920 1969 totus
939 1913 993 1967 inin

105 2002 231 2052 carnem,
250 1990 278 2040 et
295 1990 371 2038 totus
389 1990 466 2039 extra
483 2001 608 2052 carnem,
632 1984 710 2038 nulla
727 1990 769 2039 est
787 1982 927 2038 distinctio
940 1980 993 2034 utu

104 2053 336 2109 inhabitationem
354 2055 403 2106 τοῦ
418 2053 506 2123 λόγου
525 2054 554 2106 in
567 2069 658 2121 carne,
678 2059 707 2108 et
719 2054 793 2108 inter
804 2057 925 2107 caeteros
935 2060 993 2120 pret·

105 2122 213 2177 sentiae
238 2122 349 2191 gradum
386 2121 437 2175 IX.
462 2123 576 2175 Dictum
596 2121 729 2176 Cassiani
749 2123 798 2177 lib.
820 2128 841 2176 1.
860 2121 895 2175 de
911 2119 992 2173 inem

106 2196 193 2245 contr.
214 2191 323 2245 Nestor.
337 2209 364 2260 p.
385 2196 444 2258 903,
473 2191 547 2311 (laod
571 2191 738 2261 quibusdam
763 2191 895 2262 frequens
916 2188 942 2241 in
958 2194 992 2237 ue

106 2264 163 2320 est,
189 2276 244 2312 non
261 2276 324 2327 nos,
348 2260 398 2312 sed
416 2260 479 2328 Apo
491 2260 630 2313 linaristas
653 2260 735 2323 ferit3
757 2260 797 2313 sic
818 2260 890 2313 euim
908 2258 993 2330 interp

53 2376 56 2383 .
105 2327 193 2380 verba
210 2333 323 2379 sonant:
344 2329 526 2396 Apollinaris
543 2329 679 2382 hominem
695 2329 802 2382 unitum
814 2331 879 2381 Deo
897 2327 993 2379 troese-

106 2398 204 2447 derate
224 2396 400 2463 intellimus,
418 2398 567 2450 humanam
586 2416 646 2450 eum
664 2417 720 2451 uon
738 2398 868 2450 hahuisse
886 2396 992 2470 animam

106 2464 181 2516 male
205 2465 344 2531 credidit,·
373 2467 441 2533 quia
465 2485 521 2520 nors
542 2466 661 2519 minoris
685 2466 791 2520 erroris
809 2472 864 2533 eat,
892 2466 992 2518 noman

105 2534 177 2586 Jeau
196 2532 305 2586 Christo
324 2535 482 2604 impropria
504 2537 619 2599 addere,
636 2535 858 2603 quamproprie
871 2535 993 2600 deerun-

109 2602 191 2664 Quod
211 2603 283 2655 enim
303 2604 336 2656 de
358 2604 410 2656 illo
430 2622 487 2656 nors
507 2605 549 2657 ita
561 2604 675 2672 dicitur,
696 2612 727 2657 ut
741 2611 789 2672 eat,
808 2602 994 2656 etiamsitmn

105 2672 226 2738 videtur,
244 2672 354 2740 injuria
366 2681 415 2727 eat.
439 2673 497 2728 Nos
510 2689 581 2742 quae
593 2673 706 2742 propria
717 2671 827 2726 Christo
840 2669 993 2726 deumiura

22 2802 25 2811 1
108 2740 157 2811 qui
175 2740 318 2812 utriusque
336 2746 453 2796 naturas
464 2742 609 2796 veritatem
621 2741 727 2795 sincere
739 2739 905 2795 asserimus?
934 2736 993 2799 ΟΜ

106 2809 258 2878 impropria
276 2809 301 2863 ei
319 2810 460 2879 addimus,
483 2828 546 2864 cum
570 2826 604 2865 ea
624 2810 767 2878 duntaxat,
783 2825 858 2930 {uae
876 2806 995 2888 Scripta!⁸

106 2896 119 2930 s
140 2878 250 2932 aciatim
270 2879 414 2948 exprimit,
440 2878 530 2934 eidem
554 2878 752 2933 attribuimus?
808 2876 907 2931 lencho
929 2872 995 2955 1312ur

134 2947 190 3000 ieni
216 2954 244 3001 et
268 2947 418 3002 testimonii
440 2947 554 3016 ludunt,
585 2948 654 3002 haec
677 2947 757 3001 nobis
781 2946 848 2999 dum
867 2934 996 3015 ,obdunt

106 3014 207 3137 Copten
226 3032 288 3152 epm
313 3016 356 3070 his
379 3017 532 3082 axiomata,
557 3016 710 3072 definitioni
732 3015 842 3070 unionis
867 3002 997 3086 personalu

107 3090 241 3153 sujecta.
