2250 3772
107 232 171 299 336
242 228 350 317 Caput
372 229 415 296 11.
459 230 512 294 De
534 230 681 316 symbolo
705 229 889 316 apostolico.

105 415 167 456 esse
193 399 370 454 contendunt.
413 399 506 453 'lacco
533 403 696 469 portentosa
721 398 815 471 elogia
840 396 901 452 alia
939 395 945 407 ‘

104 470 244 524 Bellarm.
262 469 282 525 l.
302 473 326 523 2.
345 467 379 523 de
399 467 496 538 pontif.
516 485 582 522 rom.
607 485 630 522 c.
650 474 681 523 12
700 472 729 523 et
747 485 835 539 seqq„
852 466 899 521 ubi
912 466 944 537 pls

106 538 235 593 simehac
245 536 481 616 demateriaagit.
499 538 607 594 Becco.
616 537 738 592 manual.
755 543 777 592 1.
787 553 812 591 c.
822 542 847 591 4.
861 555 887 616 p.
899 540 941 591 uo

104 607 188 662 Nabal
207 610 262 674 est,
274 604 364 726 ssmd
390 611 411 660 1.
437 610 509 659 mter
532 610 618 674 caput
640 605 749 659 visibile
775 611 803 660 et
821 602 944 659 invisibila

105 676 259 746 stinguunt7
306 675 415 728 aller-m.
431 674 451 728 l.
470 679 493 727 3.
523 674 558 728 de
587 673 686 744 pontif.
706 691 773 729 rom.
792 690 817 729 e.
836 680 860 729 9.
881 678 938 728 tl.

106 750 164 801 536.
182 743 216 798 Β.
251 743 358 796 Bacca.
370 742 491 796 manual.
512 743 538 796 d.
556 743 575 796 l.
593 751 614 798 1.
634 759 657 796 c.
673 748 697 798 2.
715 760 743 812 p.
758 748 800 797 91.
818 762 847 797 n.
860 748 899 798 19.
926 747 944 798 1.

106 812 191 868 alesia
211 811 284 865 enim
302 827 360 865 non
377 817 419 866 est
437 816 537 884 θηρίον
555 815 763 883 πολυκέφαλον,
782 810 832 865 sed
844 810 944 866 unicum

105 882 154 936 bet
172 884 271 950 caput,
292 879 365 933 sicut
379 896 436 933 una
453 896 556 949 sponsa
573 898 660 933 unum
682 897 822 949 sponsum.
857 879 914 936 Nec
930 884 944 933 2

104 948 180 1005 cario
199 947 302 1004 visibili
319 964 388 1018 opus
408 947 508 1016 babet,
536 965 598 1002 cum
617 948 742 1003 Christus
761 964 872 1020 semper
886 962 944 1017 prae

105 1034 167 1074 eam
182 1022 312 1088 potenter
329 1023 423 1088 regat,
449 1017 553 1071 Mattlt.
571 1020 614 1085 28,
633 1020 679 1072 23.
715 1018 777 1072 Nec
801 1023 825 1073 3.
846 1032 944 1089 conseq¹

106 1092 149 1142 est
167 1092 200 1140 ut
216 1085 333 1140 visibilis
353 1085 471 1140 ecclesia
495 1085 605 1140 visibile
629 1090 714 1157 caput
732 1086 847 1143 habeat.
884 1084 944 1140 Alie

107 1162 136 1210 et
153 1154 272 1210 ecclesia
288 1155 412 1208 mortalis
424 1154 577 1225 requireret
587 1163 673 1224 caput
684 1155 809 1209 mortale.
840 1154 912 1219 Quid
924 1160 944 1209 1.

106 1241 190 1278 mana
209 1223 275 1278 sede
295 1223 341 1277 vel
359 1228 485 1291 vacante,
503 1224 548 1278 vel
566 1239 583 1276 a
600 1224 709 1278 duobus
726 1230 775 1278 aut
791 1223 916 1294 pluribus
932 1238 944 1277 o

105 1300 188 1365 pata,
213 1291 258 1346 vel
276 1291 313 1346 ab
330 1291 474 1346 incarnato
494 1290 612 1347 Diabolo
632 1293 740 1362 (quales
758 1292 853 1362 plures
871 1290 944 1363 ponti

106 1360 239 1485 {etr
255 1359 844 1484 “tttttttttltttstuatl

104 1470 212 1622 {⁰¹²5ss
225 1446 296 1553 roni.
316 1515 344 1567 p.
361 1469 405 1552 18.
430 1503 470 1552 49.
489 1497 590 1561 refert,
618 1471 741 1568 quinqua
778 1515 868 1621 Bam
892 1512 944 1552 sev

128 1575 228 1622 atanae
245 1581 426 1634 consecrasse,
443 1567 540 1637 quales
559 1566 578 1622 S
599 1565 701 1621 lvester
719 1566 747 1620 ll
805 1567 944 1622 enedictus

105 1635 248 1691 iohannes
265 1634 332 1705 xx,
349 1634 493 1689 lohannes
509 1634 539 1688 x
589 1675 596 1703 ‚
615 1634 733 1705 aragon
753 1607 817 1691 bu.
852 1636 944 1691 Plura

106 1704 193 1759 minat
207 1704 339 1773 Stephon.
352 1702 511 1774 Stzegedin.
532 1704 634 1784 specul.
654 1703 777 1774 pontific.
791 1711 814 1760 1.

105 1778 181 1828 tetur
198 1773 273 1828 idem
286 1772 416 1826 Costerus
432 1773 461 1826 in
473 1772 577 1826 encbn.
593 1790 617 1826 c.
633 1778 656 1827 3.
676 1790 703 1842 p.
723 1776 789 1841 133.)
807 1711 944 1826 arimibiib

106 1860 178 1897 anne
200 1841 317 1897 ecclesia
335 1849 394 1894 trnn
413 1841 542 1894 mortua?
566 1858 602 1894 an
629 1840 727 1911 biepsl
757 1858 794 1895 an
811 1841 944 1897 Diabolir

106 1912 229 2035 llll?
252 1910 377 2051 itti?
392 1910 495 2049 ttlt
514 1910 818 2048 ..tllltttnttl
858 1909 944 2033 mil

107 2049 174 2105 vid.
199 2050 306 2104 Bacca.
329 2049 356 2104 d.
376 2046 428 2101 loc.
453 2065 481 2127 p.
499 2054 540 2102 95.
568 2065 594 2101 n.
613 2053 654 2101 21.
680 2053 708 2101 et
731 2048 872 2103 Bellarm.
895 2048 920 2101 d.

108 2119 160 2172 col.
181 2124 239 2172 539.
257 2117 289 2171 B.
331 2117 399 2170 Fuit
425 2133 499 2170 emm
525 2122 610 2186 typus
636 2115 719 2170 unius
743 2116 883 2186 pontificis
906 2114 944 2171 Cb

106 2187 195 2240 Heba.
213 2188 299 2249 2,17.
318 2192 346 2239 et
363 2188 390 2251 3,
410 2189 433 2238 1.
453 2191 481 2239 et
498 2189 523 2249 5,
543 2188 567 2251 6,
585 2201 641 2238 non
668 2202 759 2254 papae
785 2186 900 2239 romani.
932 2184 944 2237 l

108 2259 132 2308 3.
148 2253 223 2322 quod
240 2268 292 2322 per
309 2269 344 2306 ca
363 2259 395 2306 ut
411 2252 593 2308 ministeriale
605 2252 764 2324 pontificem
782 2254 938 2326 indigitant.

107 2321 182 2376 enim
201 2326 224 2375 1.
243 2326 340 2375 contra
361 2320 426 2375 'ctio
446 2321 475 2374 in
493 2322 611 2391 adjecto.
648 2322 678 2378 Si
695 2323 769 2377 enim
789 2328 876 2392 caput
894 2328 940 2389 est,

107 2406 162 2461 que
179 2389 305 2444 minister
327 2407 384 2443 non
408 2395 457 2444 est.
495 2396 518 2445 2.
536 2389 719 2444 Ministerium
741 2391 795 2445 hoc
814 2391 944 2446 ecclesiae

106 2463 197 2513 totum
221 2458 316 2512 orbem
340 2457 459 2513 diffusae
476 2459 545 2512 nulli
565 2459 669 2514 homini
686 2459 827 2530 possibile.
866 2467 890 2516 3.
907 2458 944 2516 Ul

105 2528 205 2582 eodem
222 2527 251 2581 in
269 2526 430 2597 Scriptura?
460 2532 484 2581 1.
503 2527 562 2583 Ubi
580 2528 615 2582 de
634 2527 728 2583 eodem
747 2529 777 2582 in
796 2531 861 2599 jure
878 2529 944 2583 bum

107 2596 186 2660 Quae
211 2596 246 2651 de
264 2595 440 2651 Constantini
464 2596 612 2651 donatione
633 2596 774 2667 garriunt,
804 2612 944 2668 manag(

51 2685 54 2691 ’
107 2666 218 2723 Siculae
236 2671 310 2721 sunt.
339 2665 404 2721 Vid.
427 2665 589 2718 Bellormio
615 2666 634 2719 l.
648 2671 671 2720 2.
691 2668 725 2720 de
743 2666 843 2736 pontif.
857 2682 944 2721 romc

107 2740 128 2791 t.
150 2740 171 2789 1.
195 2734 247 2788 col.
267 2739 325 2789 661.
343 2733 374 2789 0.
392 2751 449 2804 seq.
473 2750 497 2788 c.
519 2740 558 2790 14.
584 2734 704 2789 distinct.
729 2740 770 2790 96.
807 2736 944 2814 Reialcr'np

106 2802 944 2943 113131113113..11·.31313315οέ13

104 2941 134 2995 in
155 2941 272 3012 praefat.
300 2939 431 2994 decretal.
474 2939 641 2995 Protestatio
669 2941 742 2995 enim
767 2940 844 2996 facto
872 2946 944 2997 contr

105 3011 166 3065 Nec
183 3011 273 3063 obstat
297 3015 331 3073 5.,
352 3009 427 3081 quod
450 3013 575 3078 potestas
594 3008 662 3064 haec
681 3009 766 3064 Petro
787 3011 905 3078 tradita,
926 3016 944 3063 et

106 3078 204 3134 eodem
221 3077 251 3131 in
270 3093 443 3133 successores
461 3076 594 3131 derivata.
624 3079 763 3132 Ballarm.
782 3078 801 3133 l.
823 3085 844 3134 1.
865 3080 899 3134 de
917 3092 944 3149 po

105 3164 173 3204 rom.
194 3164 217 3201 c.
241 3153 280 3202 11).
302 3152 322 3201 t.
343 3153 366 3203 1.
386 3145 438 3201 col.
459 3151 516 3200 512.
544 3152 572 3201 et
595 3164 629 3200 ca
651 3192 657 3204 .
676 3163 752 3218 seqq.
771 3154 800 3201 et
824 3148 873 3203 lib.
893 3153 928 3203 12.

109 3220 138 3272 11
154 3231 230 3287 seqq.
250 3215 302 3271 eol.
316 3220 374 3272 633.
411 3215 518 3270 Bacca.
536 3165 656 3271 manuali.
676 3216 693 3271 l.
709 3221 729 3271 1.
748 3232 772 3270 c.
791 3222 816 3271 t.
835 3234 863 3286 p.
876 3221 944 3273 98.n

106 3289 159 3341 ata
181 3301 209 3354 p.
231 3290 290 3341 110.
315 3300 342 3340 n.
363 3290 396 3339 69
414 3300 472 3355 seq.
506 3284 589 3340 Unde
607 3285 680 3340 enim
703 3283 870 3355 probabitur
893 3280 944 3340 a}
