2250 3772
296 211 350 278 De
372 212 474 281 carnis
496 212 735 279 resurrectione.
922 213 987 293 391

93 380 153 438 euin
166 380 269 437 elench.
288 398 399 437 causae.
434 380 537 436 Chrisu'
555 381 628 436 enim
649 380 823 437 resuscitatio
840 381 985 437 constitui·

94 458 132 506 tur
145 466 194 505 non
218 450 307 505 solum
323 449 500 506 manifestum
525 450 681 521 exemplum
699 450 809 507 futurae
831 451 986 505 communis

96 518 287 582 resurrectionis,
307 519 357 575 ssd
376 519 520 589 speciatim
536 535 621 574 causa
638 519 761 574 efficiens
775 518 985 575 resurrectionis

98 584 198 643 frictum
213 589 250 643 ad
267 586 355 643 vitam
373 595 521 644 aeternam.
553 587 669 643 Interim
685 595 831 660 resurgent
848 594 876 643 et
894 586 983 658 impii,

99 654 136 709 ssd
148 660 233 711 tamen
251 672 308 712 non
324 657 361 711 od
380 657 476 721 vitam,
495 674 592 712 verum
616 656 652 711 ad
668 657 814 727 judicium,
831 673 931 727 nempe
949 662 983 712 ut

97 723 231 803 judicentur
249 732 279 781 et
297 725 395 795 poenis
412 725 532 781 aeternis
550 725 709 797 puniantur.
745 725 836 797 quue
853 743 887 781 ex
904 725 981 780 inva-

100 791 170 847 nrhili
184 794 294 855 decreto
311 793 381 860 Dei,
404 794 429 849 si
455 795 573 850 maxime
589 794 716 850 Christus
738 813 799 850 nec·
814 811 912 865 passus
929 810 982 849 nec

100 861 253 940 nosciturus
269 862 376 932 fuisset,
395 861 452 918 rid.
474 868 499 921 1.
514 865 578 920 Cor.
591 867 634 919 15,
653 871 682 920 et
692 869 837 920 comment
853 865 893 919 D.
904 864 982 917 Huc.

100 943 123 983 m
134 928 174 987 lou
193 931 274 988 eund
290 937 362 1003 part.
381 938 405 988 2.
425 937 446 986 t.
466 939 490 989 4.
510 951 538 1003 p.
557 936 626 1000 263.)

253 1068 282 1134 7.
329 1052 397 1147 Quo
419 1072 594 1136 discrimine
615 1068 801 1155 reserpere?

160 1182 223 1263 Illi,
244 1185 301 1270 qui
327 1187 412 1251 bona
440 1199 590 1273 egerunt,
618 1187 792 1274 prodibunt
811 1185 853 1250 ad
873 1207 979 1249 resur-

102 1266 247 1336 rectionem
268 1270 358 1337 vitae.
374 1284 541 1358 aeternae;
563 1273 619 1357 qui
640 1295 715 1337 vero
737 1272 822 1336 mala
836 1278 982 1356 egerunt,

102 1348 399 1422 dorwentionem
419 1357 529 1440 judicii
555 1369 587 1423 et
606 1357 800 1443 ignominiae
823 1367 982 1431 aeternae,

99 1432 152 1501 Jcit.
168 1441 196 1517 5,
215 1440 257 1507 29
267 1465 278 1518 3
299 1443 388 1508 Dan.
411 1445 462 1521 12,
483 1444 512 1506 2.

135 1586 157 1654 8.
193 1592 334 1658 Ductus
356 1616 484 1681 corpora
506 1597 611 1661 eadem
632 1618 767 1673 numero,
792 1621 834 1660 an
855 1615 925 1657 vero

311 1702 404 1757 novo,
425 1682 534 1765 quibus
555 1680 738 1765 reserpent?

159 1793 280 1859 Eadem
301 1795 371 1881 ipsa
386 1817 520 1880 corpora
541 1808 572 1860 et
587 1797 717 1880 quidem
730 1797 863 1882 integra.
891 1793 980 1875 Quia

95 1866 115 1934 l·
130 1881 255 1945 custodit
272 1879 431 1945 Dominus
454 1881 561 1945 omnia
579 1904 652 1947 ossa
672 1894 861 1958 sanctorum,
882 1904 975 1945 erarem

94 1972 124 2019 Β
138 1959 180 2028 his
200 1987 267 2030 non
287 1976 477 2042 conteretur,
498 1968 588 2032 Psal.
610 1969 663 2043 34,
688 1972 737 2032 21.

104 2120 111 2137 ,
155 2049 181 2115 2.
195 2050 426 2135 Unusquisque
441 2051 616 2135 reportabit
635 2051 811 2137 incorpore
828 2073 882 2113 suo
898 2070 978 2131 qua-

94 2118 149 2193 llier
165 2133 248 2210 fecit,
269 2136 301 2202 2.
324 2137 393 2205 Gor.
412 2137 442 2220 5,
466 2138 512 2201 10.

157 2218 183 2285 3.
217 2218 356 2306 Oportet
384 2219 590 2306 corruptibile
623 2221 679 2285 hcc
710 2219 841 2285 induere
873 2218 978 2282 incor-

91 2299 256 2381 optionem,
279 2306 307 2371 1.
330 2304 402 2372 Cor.
427 2305 476 2381 15,
497 2306 549 2371 53.

153 2389 179 2453 4.
200 2389 273 2453 Hac
295 2401 366 2454 cute
387 2401 496 2454 nostra
510 2390 688 2468 induemur,
709 2400 740 2454 et
760 2389 794 2453 in
808 2390 865 2452 lroc
880 2408 974 2451 carne

89 2479 183 2623 ἲὲεἱέιέ,
205 2475 307 2622 {tque
325 2475 426 2539 oculis
441 2475 674 2560 redemptorem
688 2473 877 2549 videbimus,
899 2473 975 2538 ιῙοΙι.

118 2598 127 2629 2
183 2607 190 2622 ο
256 2607 264 2624 ι

100 2718 107 2735 ·
152 2644 182 2709 5.
203 2643 356 2725 Aequum
377 2653 434 2720 est,
455 2655 491 2707 ut
504 2666 588 2720 caro,
610 2666 692 2727 quae
715 2643 775 2708 fuit
796 2641 883 2708 socia
904 2662 976 2704 oru-

87 2738 127 2802 us,
145 2727 185 2791 sit
207 2726 304 2792 etiam
327 2727 414 2791 socia
431 2727 561 2814 gloriae.

131 2842 271 2924 (Grepor.
287 2844 336 2899 lib,
355 2849 397 2901 14.
409 2846 504 2902 moral.
523 2863 547 2902 c.
561 2852 602 2902 29.
619 2853 640 2902 t.
656 2852 680 2904 1.
700 2847 751 2901 col.
765 2853 823 2904 484.
834 2847 871 2903 D.
897 2846 975 2898 Ecce

86 2921 305 2982 wernonem,
323 2930 384 2967 cccc
399 2914 514 2983 pellem,
533 2932 593 2968 ecce
606 2933 727 2984 carnem,
746 2915 975 2986 apertissatetur

86 2982 196 3036 seduc!
239 2982 316 3044 Quid
335 2999 403 3052 cryc
423 2990 550 3037 remanet
573 2987 649 3038 unde
668 3002 744 3038 meos
763 2992 862 3039 nostro
877 2987 976 3052 posset

86 3051 220 3105 obstare!
256 3050 291 3105 ss·
313 3052 386 3104 enim
405 3059 474 3120 post
498 3054 729 3107 resurrectionem
742 3052 892 3123 palpabile
917 3067 976 3104 oon

86 3120 126 3190 τἐ,
143 3120 279 3190 profecto
298 3121 383 3174 aliod
399 3120 496 3202 serpit,
514 3138 598 3189 quam
616 3121 750 3189 moritur,
773 3124 849 3191 quod
868 3120 975 3174 dimum

86 3191 143 3259 rsus
165 3196 209 3242 sat
228 3189 359 3257 credere,
383 3206 451 3258 quta
470 3206 519 3257 syo
538 3191 657 3258 morior,
684 3197 710 3242 et
733 3191 809 3245 aliua
833 3194 974 3258 resurpot.

86 3274 233 3317 amorosa.
256 3256 303 3312 lto.
321 3260 347 3315 4.
365 3258 475 3314 orthod.
488 3261 544 3327 fid.
568 3276 590 3313 c.
609 3262 653 3314 28.
672 3262 786 3327 12392.
827 3260 882 3315 Est
900 3257 974 3312 enim
