2250 3772
338 234 392 303 De
414 234 538 322 Spiritu
561 247 680 303 sancto.
901 235 967 301 323

86 404 141 471 nn,
157 402 223 459 oss.
241 406 266 471 8,
285 409 320 474 13
343 405 409 459 Jou.
428 409 456 470 3,
476 407 500 459 8.
536 409 560 460 3.
581 404 712 467 Quamvis
729 405 785 457 vim
802 402 967 474 agitantem,

86 466 162 526 noes.
176 477 199 537 1,
217 474 265 529 20.
287 480 314 527 et
333 490 356 528 c.
373 476 419 544 37,
437 476 461 529 6.
495 472 575 537 Quae
594 473 617 526 si
658 472 810 527 ificationes
827 478 893 526 sunt
910 489 966 527 me·

86 536 223 659 ῧὶσῐίιω
259 540 398 599 Videntur
423 542 460 597 tle
476 540 518 596 his
537 544 576 598 D.
596 545 620 598 C
638 543 731 595 emuit.
748 542 828 612 alleg.
846 542 898 596 loe.
916 540 967 595 ubi

128 609 426 679 pneumatomachorum
446 610 617 681 sophismata
642 611 803 679 refutanda,
828 610 967 681 insignem

88 678 237 816 ᾞῶξιῗιιο
267 678 386 735 nominis
420 680 674 751 interpretationem
705 679 808 735 habers
838 679 966 751 pluribus

184 870 211 936 l.
248 867 314 933 Cur
335 868 512 953 appellatur
537 869 674 955 spiritus
696 869 839 934 sauctus?

89 1056 137 1115 m
151 966 277 1035 Sanctus
309 968 445 1046 (licitur,
480 971 508 1039 1.
540 969 617 1053 quia
652 971 862 1035 essentialiter
894 993 967 1034 san-

147 1064 202 1205 {gt
191 1135 278 1218 Quia
297 1160 392 1213 verae
414 1140 587 1204 sanct‘tstis
603 1150 695 1205 autor
710 1151 768 1218 est,
791 1164 966 1225 omnesque

89 1214 175 1286 electu
195 1244 269 1287 vere
289 1223 473 1290 sanctificat.

108 1384 114 1399 ,
136 1321 218 1383 (Retio
240 1330 263 1379 1.
280 1325 428 1379 essentiam
445 1327 506 1408 ejus
524 1324 645 1395 respicit.
676 1324 728 1379 Est
739 1325 813 1380 enim
829 1325 892 1395 ipsa
904 1341 966 1378 san-

88 1390 153 1457 uns,
167 1392 215 1447 nbi
233 1392 356 1449 axioma:
381 1393 507 1462 Spirstus
528 1402 642 1447 sanetus
658 1412 715 1463 per
738 1394 885 1447 urentium
902 1411 967 1446 sau·

89 1460 131 1511 tter
145 1468 194 1529 cst,
218 1461 316 1531 cupali
336 1464 532 1544 peroratione
553 1463 724 1529 mentionis,
755 1465 897 1516 credentes
911 1480 967 1531 per

88 1527 179 1589 ΝΜ
196 1530 366 1599 adoptiones.
405 1531 450 1586 Ita
470 1549 504 1586 ue
530 1533 668 1585 sauctitas
691 1532 721 1584 s'u
739 1532 783 1584 lu's
800 1532 967 1600 adjunctum

88 1600 125 1663 ΙΙ,
141 1597 167 1653 is
185 1598 239 1653 ilto
265 1616 322 1652 uon
343 1601 417 1653 item.
481 1601 537 1654 atio
556 1606 578 1655 2.
598 1599 635 1656 ab
653 1599 744 1655 officio
762 1606 791 1655 et
808 1600 967 1671 operatione

86 1664 189 1789 w
208 1665 266 1723 κατ’
286 1666 392 1738 ἐξοχὴν.
427 1668 506 1725 Sicut
529 1669 603 1724 enim
625 1668 710 1723 Pater
729 1668 832 1723 (licitum
850 1675 966 1737 creator,

113 1730 123 1813 ‚¹
162 1736 312 1804 redemtor,
330 1737 370 1791 its
389 1737 508 1819 Spiritus
526 1744 639 1791 sanctus
658 1737 759 1792 dicitur
770 1736 967 1806 sanctificator,

87 1810 133 1879 (tm
146 1804 387 1861 sanctificationem
407 1823 437 1860 sn
453 1807 630 1861 credentibus
643 1805 760 1876 perticit.
791 1806 891 1876 ltaque
905 1805 966 1875 Spi-

86 1872 136 1923 nus
148 1882 257 1928 unctus
272 1874 449 1930 sanctificans
470 1880 525 1944 est,
549 1876 693 1930 credentes
710 1880 776 1929 sunt
792 1873 965 1928 sanctificati.

86 1932 145 2019 Mlti
163 1944 264 2011 obstat,
289 1944 365 2014 qnod
390 1949 419 1997 et
435 1944 521 1998 Pater
539 1943 657 2013 Spiritus
682 1949 710 1997 et
728 1949 853 2010 sanctus,
876 1942 966 1997 Filius

86 1998 175 2073 tritus
195 2016 224 2066 et
245 2018 358 2067 sanctos
382 2012 499 2068 dionunt.
535 2014 629 2067 Sosin.
650 2016 745 2066 assent.
766 2012 801 2066 de
820 2011 918 2065 Trinit.
937 2017 968 2065 st

86 2084 118 2132 Ul.
129 2076 188 2148 Deo,
205 2098 233 2151 p.
249 2085 292 2136 62.
330 2080 457 2150 Spiritus
474 2091 588 2135 sauctus
608 2080 681 2134 cuim
699 2080 863 2150 specialiter
881 2079 967 2149 spiri·

86 2144 233 2225 fitdt‘cs'tusu
251 2151 329 2219 quod
347 2150 384 2203 ab
400 2152 669 2232 utroqueprocedat
681 2149 765 2219 quasi
773 2150 967 2214 firmissimum

86 2214 105 2261 ⁶
111 2216 292 2271 Wsolubs'te
304 2219 445 2272 viaculum
456 2218 592 2272 trinetatis
596 2239 608 2288 ‚·
627 2227 760 2287 tauquam
767 2219 888 2288 proprie
902 2235 966 2271 suu-

86 2286 137 2353 ⁶¹⁸,
149 2288 225 2355 quod
243 2286 282 2340 sit
298 2289 400 2361 dosunt
417 2288 517 2340 Putris
536 2293 562 2341 et
580 2287 653 2341 stlta·
676 2296 702 2341 et
719 2304 826 2341 omnem
844 2288 967 2354 sanctifi·

86 2360 314 2422 moraturam,
336 2356 499 2412 Bemtard.
525 2373 606 2410 serm.
626 2362 650 2411 3.
676 2356 705 2410 in
729 2355 792 2411 fest.
810 2357 966 2411 Pentecost

86 2414 120 2473 ttl
134 2427 186 2478 213.
224 2430 248 2479 2.
268 2423 387 2495 Spiritus
405 2431 518 2479 sanctus
536 2425 694 2478 immediate
712 2424 877 2479 sanctificat.
913 2425 967 2478 Pa·

86 2484 115 2539 ltt
125 2494 149 2543 st
161 2492 248 2547 nnius
263 2509 315 2563 per
331 2492 423 2564 ipsum
442 2492 629 2559 sanctificant,
646 2493 765 2565 ideoque
782 2494 918 2562 mediate,
936 2493 967 2547 in

86 2562 133 2611 'no
146 2576 223 2617 smsn
239 2561 295 2616 hnc
311 2578 380 2617 voce
397 2565 527 2634 sumpta)

86 2666 107 2739 ἃ
131 2677 284 2759 Ωυοηιοάο
305 2704 377 2747 vero
401 2706 478 2767 opus
497 2683 553 2746 hoo
568 2683 817 2765 sanctificationis
832 2681 968 2765 Spiritus

370 2780 493 2832 sanstus
510 2766 652 2851 perficit?

145 2865 321 2933 Ecclesiam
341 2867 376 2932 in
396 2880 481 2933 terra
501 2878 610 2952 vocat,
640 2877 830 2953 congregat,
849 2865 967 2931 illumi-

86 2952 136 3044 Νξ,
151 2953 341 3038 sanctificat,
362 2964 394 3017 et
414 2953 449 3016 in
468 2954 552 3019 Jesu
574 2950 702 3017 Christo
725 2974 784 3037 per
801 2974 909 3016 veram
928 2972 966 3015 ac

87 3040 185 3101 mnam
201 3038 299 3102 fidem
320 3048 494 3103 conservat.
601 3060 605 3066 ·

136 3132 228 3199 (Officii
237 3136 359 3209 Spiritus
370 3136 459 3192 sancti
472 3142 564 3208 partes
576 3137 740 3207 praecipuas
749 3133 875 3205 sequenti
885 3151 969 3191 vorsu

91 3204 265 3269 llltlnnshsndit
280 3206 331 3276 pia
348 3206 513 3277 antiquitas:

139 3271 223 3329 Arrio
242 3278 332 3344 docet,
351 3283 477 3342 renouat,
489 3276 585 3345 juvat,
602 3274 782 3344 obsignatque
799 3273 939 3343 salutent.)

758 3365 801 3409 nn·
