2250 3772
319 236 372 315 De
393 235 496 301 carnis
520 235 759 323 resurrectione.
942 234 1006 306 389
1091 250 1096 259 ·

119 402 218 477 didici)
247 403 367 460 dormire
396 408 424 460 et
442 420 506 458 cum
523 403 684 475 corporibus
710 403 860 458 excitatum
882 401 917 456 iri
933 418 1006 456 som·

120 462 192 528 nint*
216 472 271 541 Qui
287 480 363 528 erro'r
379 473 511 528 tribuitur
525 473 680 543 Viqilootio
706 472 824 526 Hieron.
836 470 943 526 advers.
956 466 1005 526 vi-

134 540 141 553 ’
178 546 195 596 t.
209 546 273 599 tom.
293 548 318 598 ².
336 558 400 613 pag.
417 547 474 598 122.
486 541 517 610 O,
535 542 655 605 undeet
674 512 883 595 iiormitaots'us
903 538 940 593 ab
959 556 1004 593 eo·

133 602 286 680 indicitur,
311 616 378 665 tom.
399 616 424 667 2.
450 628 477 681 p.
498 616 555 667 118.
572 611 607 665 D.
651 610 723 667 sict.
741 611 852 662 Sonent.
875 607 1002 663 biblioth.

117 674 163 733 ts.
172 684 285 741 annotet.
299 684 358 735 345.
392 722 397 733 .
412 686 471 737 555.
486 679 614 751 Itemque
625 678 820 748 anabaptismo,
832 676 886 730 rid.
895 674 1002 732 Zanct.

116 743 156 800 ht.
170 752 194 803 t'
212 748 246 805 de
258 746 342 819 oper.
361 696 430 818 liei,
454 765 477 802 c.
496 754 519 806 8,
548 748 599 825 coi.
624 752 675 804 673
692 764 757 825 seq„
772 745 830 803 'ubi
851 745 1002 801 eorundem

113 823 257 885 nomento
273 817 396 885 refutet.)
786 830 789 837 ·
889 818 918 839 ···
970 830 973 839 ·

113 932 140 997 d.
181 938 294 1023 Profer
324 960 405 1000 nuno
440 935 622 1021 &moturas
660 937 850 1015 testimonia,
892 939 1001 1025 quibus

67 1022 72 1031 '
119 1022 325 1115 protasome:
345 1022 594 1109 ¹resumectt'ooem
612 1034 803 1112 mortuorum
816 1020 988 1104 suturam?

132 1176 139 1181 -
183 1142 248 1206 Job.
272 1139 321 1225 19,
344 1139 406 1205 25:
443 1138 535 1221 Scio,
557 1138 644 1224 quod
664 1138 824 1204 redemtor
840 1162 931 1204 meus
953 1138 1000 1204 vi·

113 1220 164 1299 vit,
191 1235 218 1290 et
245 1226 280 1289 in
309 1223 482 1290 no'vissimo
512 1225 563 1288 die
591 1224 631 1288 de
660 1234 744 1289 terra
765 1234 998 1289 resurrecturus

113 1326 184 1393 sum,
209 1321 239 1374 et
264 1331 390 1375 rursum
401 1301 641 1375 “circumdabor
672 1308 755 1396 pelle
784 1314 872 1387 me'o,
904 1320 936 1373 et
964 1309 999 1373 in

112 1410 188 1458 come
203 1417 274 1460 meo
291 1394 408 1458 videbo
429 1396 536 1458 Deum
557 1417 664 1458 meum

184 1480 290 1547 1426:
314 1477 421 1559 Quem
441 1480 567 1544 visurus
592 1502 652 1566 ego
673 1478 735 1564 ipsi
757 1502 838 1557 sum,
859 1491 891 1545 et
913 1477 998 1544 oculi

113 1560 163 1625 mci
179 1563 375 1651 conspecturi
397 1576 480 1641 sunt,
503 1576 535 1629 et
554 1586 621 1628 non
642 1564 773 1629 alienus.

177 1651 230 1720 Es.
251 1650 305 1725 26,
327 1650 386 1714 19:
416 1650 536 1725 Vivent
556 1649 673 1714 mortui
695 1650 759 1727 tui,
779 1660 811 1713 et
831 1671 905 1713 oum
926 1670 996 1713 cor·

113 1730 219 1813 poribus
241 1734 307 1799 suis
329 1746 505 1819 resurgent.

178 1821 285 1887 Erech.
306 1820 358 1896 37,
383 1821 442 1884 12:
479 1821 571 1883 Haec
597 1818 675 1882 dicit
699 1816 860 1882 Dominus
882 1817 995 1882 Deus:

113 1897 178 1988 Eoos
194 1926 254 1995 ego
275 1903 417 1989 aperiam
430 1905 568 1977 tumulos
585 1913 717 1979 vestros,
741 1913 772 1966 et
790 1902 924 1966 educam
938 1926 995 1969 vos

113 1980 325 2075 teupulohro,
346 2000 379 2054 et
398 1989 482 2053 dabo
503 1989 594 2053 vobis
617 1986 773 2073 Spiritum
794 1986 962 2075 ,viventem
987 2002 990 2007 '

113 2147 120 2163 ι
173 2075 242 2140 Jot.
264 2075 295 2151 5,
317 2074 379 2137 26:
405 2073 523 2141 Veniet
544 2074 632 2151 horo,
653 2073 774 2157 inque
795 2094 915 2150 omnes,
937 2073 994 2158 qui

112 2170 136 2215 m
150 2158 352 2223 monumentis
378 2171 460 2236 sunt,
484 2159 614 2223 audient
635 2180 745 2222 vocem
768 2157 845 2221 Filii
865 2158 939 2236 Dei,
962 2171 993 2223 et

111 2242 273 2320 prodibunt,
301 2242 357 2326 qui
384 2243 471 2308 bons
497 2244 640 2309 fecerunt
662 2242 703 2305 od
729 2244 994 2325 resurrectionem

111 2320 179 2475 didos,
198 2328 254 2414 qui
275 2350 351 2393 vero
379 2326 464 2393 mele
492 2326 635 2393 fecemmt
662 2329 703 2391 ad
729 2328 994 2396 resurrectionem

107 2413 202 2484 ocii,

169 2501 239 2563 ‚lot
264 2500 315 2575 11,
342 2498 402 2564 25:
434 2499 508 2583 Ego
542 2520 613 2562 sum
637 2496 826 2561 resurrectio
855 2508 887 2561 et
917 2496 993 2576 vita,

109 2577 150 2655 tui
166 2583 260 2653 eredit
280 2582 392 2659 inme,
415 2582 541 2646 etiimsi
561 2594 704 2646 mortuus
727 2581 832 2658 fuerit,
854 2581 947 2645 vivet.

176 2670 207 2735 V.
228 2669 292 2733 26:
327 2669 371 2732 Et
393 2668 506 2743 omnis,
527 2666 584 2751 qui
604 2667 682 2732 vivit
703 2678 735 2731 et
756 2667 856 2732 credit
876 2664 910 2729 in
930 2687 992 2743 me,

106 2758 155 2813 Ilm
169 2753 321 2819 morietur
340 2753 374 2815 in
395 2756 566 2818 oeternumss

156 2870 292 2953 (Inprimis
311 2870 385 2923 hunc
403 2870 494 2924 locum
506 2869 618 2940 egregie
632 2867 777 2923 confirmat
789 2867 930 2989 agostolus
948 2884 991 2921 er·

105 2941 220 3011 timenus
236 2938 372 3010 pluribus,
401 2943 427 2994 1.
446 2938 510 2993 Cor.
529 2941 565 2991 15
588 2955 639 3008 per
660 2941 709 2991 tot.
728 2952 803 3007 quoa
846 2934 990 2990 credentes

105 3004 602 3133 ittstt‘ttttuttiui
615 3004 804 3128 tritt
824 3004 980 3127 titii.

104 3092 218 3215 iitttiitld,l
231 3094 423 3202 comidunione
443 3150 471 3198 et
483 3093 648 3198 certitudine
659 3090 865 3223 resurrectiiinis
879 3141 989 3211 Christi,

102 3214 154 3267 'ffl-
168 3220 190 3271 3.
208 3214 246 3271 ud
268 3220 309 3271 14.
328 3213 493 3285 Argument.
528 3209 800 3266 minostrorum:
825 3210 854 3267 Sr
874 3228 930 3265 non
947 3227 989 3265 re·

103 3282 229 3351 metio,
248 3289 272 3341 l.
288 3281 378 3338 inanis
396 3281 569 3353 praedicatio
587 3285 695 3345 nostra,
713 3284 736 3334 2.
756 3279 845 3334 inanis
861 3278 945 3351 fides,
963 3295 990 3333 v.
