2250 3772
121 308 131 324 ,
227 239 280 307 D‘e
301 240 506 308 sacramentis
521 242 555 306 in
569 263 696 328 genere.
863 241 929 309 489

230 411 280 477 14.
319 411 403 490 Quid
414 416 481 498 ⁸fuit
499 411 719 477 circumcisio?

103 511 312 579 circumcisio
344 513 406 578 fuit
436 514 575 599 primum
604 516 678 582 Vet
706 513 794 579 Test.
823 536 929 578 sacra¹

86 609 169 675 ttmn,
191 621 256 683 quo
275 598 470 664 circumcisis
493 598 668 664 secundum
689 599 874 663 mandatum
895 608 928 664 et

86 682 248 747 itutionem
266 684 348 760 Dei,
374 685 590 771 amputatione
610 683 785 772 praeputii,
801 683 929 768 justitia

86 767 94 831 i
127 767 162 832 in
187 780 356 834 venturum
381 769 573 855 promissum
602 792 710 834 semen
736 767 927 854 (Christum)

86 851 250 932 ferebatur,
273 854 493 941 applicabatur
504 867 545 941 ,et
566 855 807 940 obsignabatur.
849 853 928 922 Vid.

86 961 129 1005 tes.
152 941 203 1016 17,
225 941 265 1006 10
285 962 373 1025 seqq.

88 1039 170 1106 (Dico
190 1041 261 1109 fuit,
284 1042 350 1112 quia
378 1047 400 1098 1.
420 1041 519 1095 durare
539 1040 636 1096 debuit
654 1040 683 1095 in
700 1038 927 1110 generationibus

86 1108 183 1177 uhami,
205 1109 305 1169 Genea
325 1113 368 1178 17,
386 1114 435 1176 19,
453 1110 595 1181 usquead
615 1116 725 1178 tempus
742 1108 928 1177 correctionis,

86 1195 104 1233 r.
118 1181 144 1246 9,
156 1181 201 1233 10.
237 1177 311 1243 Quin
328 1180 420 1235 afuit
436 1185 522 1250 typus
539 1178 650 1246 Christi,
668 1178 743 1248 quod
762 1177 928 1233 adveniente

86 1246 105 1299 ti
120 1247 220 1302 umbra
236 1248 358 1317 evanuit,
378 1248 484 1306 Coton.
502 1252 529 1316 2,
550 1250 591 1302 17.
626 1247 749 1318 ldeoque
767 1252 792 1301 3.
809 1247 839 1300 in
855 1247 927 1302 Nor.

86 1331 139 1369 am.
157 1316 330 1371 circumcisio
348 1317 418 1370 nihil
437 1316 525 1384 valet,
546 1315 614 1373 Gal.
636 1319 663 1380 t,
681 1318 706 1370 6.
742 1315 798 1370 Sed
815 1322 840 1371 4.
859 1330 927 1368 una-

86 1376 291 1454 apbstolorum
313 1386 424 1440 decreto
446 1386 597 1456 abrogata,
622 1386 685 1441 Act.
706 1389 747 1450 15,
765 1386 809 1439 28.
844 1383 926 1454 Ejus-

86 1470 138 1523 que
158 1452 297 1507 inlocum
318 1463 340 1509 5.
359 1454 512 1525 baptismus
524 1453 698 1522 substitutus,
719 1453 777 1508 Col.
788 1455 815 1519 2,
826 1456 866 1506 11.
880 1454 925 1506 12.
973 1507 974 1510 ,

86 1521 157 1575 nati
181 1522 235 1577 'tur
250 1523 372 1591 Judoei,
414 1523 443 1576 ui
468 1523 618 1576 etiamnum
641 1522 723 1575 hodie
741 1521 926 1576 circumcisio·

100 1590 166 1644 adhi
187 1597 242 1646 ent.
278 1591 316 1646 Et
333 1592 372 1646 sie
391 1540 516 1646 ghristus
533 1591 601 1662 ipsis
619 1591 690 1645 nihil
706 1591 834 1660 prodest,
856 1590 926 1646 Gal.

86 1698 91 1712 .
125 1661 186 1712 Nec
204 1660 309 1726 obstat,
335 1661 410 1731 quod
432 1661 533 1715 dicitur
553 1661 652 1716 foedus
670 1668 825 1728 aeternum,
855 1660 926 1714 Gen.

86 1730 115 1782 'a
141 1727 233 1783 Galat.
243 1728 272 1782 in
280 1730 297 1784 l.
315 1735 355 1786 11.
367 1747 391 1786 e.
407 1738 431 1786 5.
450 1730 502 1786 ool.
518 1736 577 1786 564.
589 1729 622 1784 Β.
647 1729 758 1783 Foedus
769 1728 841 1783 enim
852 1734 874 1783 1.
884 1732 929 1782 est

86 1798 252 1921 :witti
271 1797 551 1922 tttttttttit
576 1797 926 1938 qtffiiiiutaittiii

101 1940 176 1989 certo
204 1940 327 2005 tempore
351 1907 512 1990 ditatur-am
537 1906 567 1991 et’
593 1936 745 1989 limitatam.
782 1933 927 1997 Quomodo

86 2002 338 2058 sarificiadicuntur
353 2010 490 2068 aeternae,
507 2011 679 2075 quaetsmen
696 2002 780 2056 finem
795 2001 928 2057 habitura

86 2071 168 2136 dixit,
192 2074 271 2128 Dan.
289 2076 315 2140 9,
333 2075 376 2128 27.
412 2074 493 2128 Aliae
518 2073 707 2154 quaestiones,
733 2071 856 2142 quaeda
874 2071 926 2127 cir-

86 2140 185 2195 cisione
194 2141 297 2195 moveri
353 2148 438 2210 sumt,
459 2142 612 2211 exphcatae
625 2147 691 2196 eunt
702 2140 822 2209 Aaolpa
836 2149 925 2197 nostr.

89 2211 143 2280 pel.
161 2210 243 2266 Dom.
261 2209 290 2264 in
319 2216 377 2266 esto
396 2211 548 2265 circumcis.
567 2229 593 2281 q.
616 2217 626 2266 l
648 2217 676 2266 et
694 2215 780 2281 seqq.)

86 2330 134 2397 15.
173 2329 256 2409 Quid
269 2333 336 2411 fuit
350 2331 450 2414 phase
472 2334 533 2394 sive
555 2352 657 2416 agnus
678 2331 862 2416 paschalis?

101 2431 210 2497 Phase
237 2430 297 2495 fuit
324 2433 454 2495 atterum
475 2432 553 2505 tVet.
575 2432 662 2496 Test.
685 2444 928 2510 sacramentum,
1026 2440 1029 2447 '

108 2516 186 2603 agni
216 2515 411 2580 immaculati
440 2514 504 2580 ritu
529 2517 680 2580 divinitus
706 2541 764 2603 per
784 2519 926 2603 Moysen

86 2601 133 2666 ito
166 2600 296 2665 mactati
325 2611 421 2684 atque
455 2601 550 2665 assati
578 2602 821 2667 manducatione
851 2624 928 2689 pro·

86 2687 126 2753 tio
159 2685 199 2751 de
228 2685 407 2750 exhibendo
429 2685 553 2750 Messia
578 2687 714 2754 Judaeis
740 2687 928 2774 applicaba-

88 2784 121 2836 et
142 2770 382 2856 obsignabatur.
424 2770 501 2839 Vid.
522 2773 627 2839 Esou.
651 2777 700 2838 12.
716 2798 778 2857 per
800 2785 851 2836 tot.

86 2871 276 2942 [Dicoitemm
286 2870 352 2938 fuit,
373 2869 440 2941 quia
454 2887 543 2942 agnus
561 2871 607 2925 ille
623 2872 763 2942 paschalis
778 2872 808 2926 in
825 2889 927 2928 memo·

99 2939 272 2996 liberationis
292 2957 325 2994 ex
339 2940 476 3010 Aegypto
496 2941 654 3009 institutus,
670 2947 756 3012 typus
776 2941 830 2996 fuit
848 2941 927 2995 Chri·

94 3009 143 3082 qui
168 3007 274 3080 pascha
295 3014 420 3062 nostrum
440 3025 490 3078 pro
512 3008 593 3063 nobis
611 3009 640 3063 in
659 3026 743 3064 cruce
760 3009 928 3078 immolatus,

86 3080 178 3133 sinet.
189 3081 217 3145 5,
228 3079 251 3144 7,
269 3082 401 3148 stagnus
418 3076 472 3133 Dei
490 3078 590 3132 tollens
608 3084 724 3149 peccata
737 3077 841 3147 mundi,
858 3079 927 3134 Jot.

86 3150 106 3216 9,
125 3148 206 3218 cujus
228 3144 349 3216 pretioso
369 3146 505 3216 sanguine
523 3153 657 3216 tanquam
676 3147 743 3218 agni
756 3147 928 3203 immaculati

86 3215 480 3287 mptisumus,1.Petr.1,18.
511 3214 577 3270 Ideo
599 3231 634 3270 ue
644 3215 807 3271 adveniente
816 3216 927 3273 Christo

86 3300 130 3341 ore
146 3282 304 3341 ceremonia
323 3284 383 3353 ejus
400 3283 549 3355 abrogata,
576 3233 682 3340 goare.
704 3288 792 3354 2,17,
810 3287 928 3358 ejusque
