2250 3772
103 223 167 290 656
295 220 451 308 Sillabus
474 246 580 288 renim
601 234 633 288 et
652 192 840 288 verborum.

103 394 257 460 Inopiam,
278 397 342 446 sunt
362 393 400 447 dii
424 391 515 447 alieni.
541 399 582 448 66.
602 397 635 446 63
654 408 696 462 sq.
734 392 851 446 illarum
877 393 1012 464 prohibitio

139 479 196 515 non
220 461 363 516 constituit
386 462 526 531 peculiare
548 468 731 530 praeceptum
755 462 786 515 in
813 464 913 517 decalo
934 480 956 517 0.
979 470 1012 519 63.

140 536 197 586 145.
233 531 345 584 tolerari
363 536 488 600 possunt,
506 537 538 584 ut
555 530 619 584 libri
636 530 817 585 indoctorum
834 537 865 585 et
883 481 1013 588 coiumnae
1039 570 1044 577 -

137 599 293 653 memoriae.
313 605 345 655 68
363 617 419 670 seq.
439 601 494 653 imo
512 606 540 654 et
557 599 679 653 formari.
697 606 730 655 69
747 615 807 671 seq.
826 618 885 655 non
904 608 967 656 sunt
981 620 1014 657 re-

138 668 237 790 ligiose
260 668 399 722 colendae.
422 674 463 724 63.
489 675 521 723 76
544 686 584 739 sq.
606 674 664 723 437,
708 674 794 724 caute
823 671 957 742 abrogari
977 672 1014 726 dc

160 743 275 792 011172.

103 808 204 875 Imaqo
223 806 287 871 Dei,
306 804 477 858 describitur.
497 811 554 861 232.
593 810 636 859 est
651 805 697 859 vel
717 807 885 861 maternalis
904 810 948 862 vel
964 811 1014 874 for·

139 876 231 927 malis.
255 880 309 928 160.
329 879 386 929 232,
430 891 485 926 non
504 879 548 928 est
566 878 675 927 tantum
695 875 854 929 dominium
874 877 906 930 in
927 877 1014 932 anima·

141 943 187 996 lia.
202 948 259 997 234.
287 943 440 1009 subjectum
458 942 621 1012 principale,
641 949 683 996 est
700 944 797 997 anima
812 945 942 1000 bominis.
959 947 1013 1000 ibid.

139 1028 190 1081 per
207 1011 315 1080 lapsum
333 1011 436 1064 Adami
453 1011 553 1065 amissa
574 1018 623 1068 est.
646 1017 705 1067 234.
736 1012 845 1068 Confer
861 1032 955 1085 supra.
970 1021 1014 1071 na

141 1085 320 1134 restauratur.
343 1086 401 1135 235.
757 1094 761 1109 ·

105 1150 292 1217 Imputisnn'a
312 1156 354 1202 est
372 1149 470 1201 vitium
487 1148 509 1202 Ι.
529 1148 678 1217 praecepti.
701 1155 742 1203 61.

106 1219 208 1287 Impli,
236 1217 409 1287 quorundam
433 1216 551 1270 felicitas
576 1233 632 1269 non
656 1217 838 1287 praejudicat
867 1221 952 1276 statui
967 1223 1012 1291 pio

141 1305 209 1340 rum.
232 1293 287 1340 1113.
325 1292 390 1339 sunt
407 1286 445 1352 in,
461 1286 510 1339 sed
528 1302 584 1339 non
604 1286 777 1340 deecclesia
797 1294 859 1346 334.
880 1296 1011 1362 resurgent

141 1356 178 1408 ad
197 1356 401 1408 damnationem
423 1354 452 1406 in
475 1353 519 1407 die
538 1354 692 1408 novissimo.
712 1361 772 1410 391.
793 1363 856 1411 423.
890 1358 929 1414 110
946 1377 1011 1414 eran·

142 1425 245 1495 gelium
265 1423 348 1476 etiam
369 1423 592 1476 annunciandum
612 1430 653 1476 est
678 1420 729 1479 468
749 1441 809 1496 seq.
853 1444 949 1482 eorum
965 1445 1010 1498 pre·

142 1510 187 1546 ces
207 1492 317 1562 iniquae
334 1509 389 1545 non
409 1491 593 1544 exaudiuntur
617 1508 634 1544 a
651 1492 720 1546 Deo.
742 1499 807 1550 472.
846 1504 1008 1551 contumaees

142 1578 198 1614 non
217 1567 282 1613 sunt
302 1561 338 1614 ad
357 1578 376 1613 s.
396 1576 498 1614 coenae
516 1577 596 1614 usum
613 1560 790 1615 admittendi.
812 1569 875 1620 591.

106 1630 238 1697 Impletio
257 1631 379 1681 omnium
400 1629 511 1681 01111010
528 1631 641 1696 tributa,
660 1629 826 1698 explicatur.
848 1639 911 1688 277.

105 1698 334 1766 Imposturarum
346 1699 432 1765 modi,
451 1705 634 1752 recensentur.
656 1703 712 1752 122.
737 1698 850 1753 furtum
863 1708 939 1760 eunt.
955 1703 1007 1755 ibid.

140 1773 215 1821 etse
238 1809 242 1816 .

106 1785 278 1904 Impubeisa
296 1834 499 1887 matrimonium
519 1833 681 1888 contrahere
700 1851 756 1887 non
775 1850 907 1904 possunt
928 1845 976 1894 118.

106 1903 298 1972 Impudentiu,
317 1903 415 1956 vitium
435 1903 485 1957 Vl.
504 1903 646 1971 praecepti
665 1910 713 1957 est.
737 1910 796 1958 113.

106 1974 262 2041 Imputatio
276 1973 409 2040 justitiae
429 1971 547 2037 Cla-isti,
572 1971 723 2039 perfectam
742 1972 816 2052 legis
837 1975 1006 2030 obedientiam

138 2044 227 2111 juvat.
255 2048 311 2096 150.
354 2042 502 2109 plurimum
526 2040 593 2093 facit
617 2041 653 2093 ad
677 2041 874 2096 remissionem
900 2048 1006 2114 peccato

141 2129 210 2164 rum.
232 2117 290 2165 376.
329 2109 417 2163 forma
431 2108 638 2178 justificationis
657 2116 706 2164 est.
727 2116 789 2165 372.

107 2180 328 2244 Incontan'oncs,
348 2186 494 2247 peccatum
514 2183 611 2230 contra
629 2178 666 2230 II.
681 2185 868 2248 praeceptum
888 2186 959 2234 sunt.
976 2183 1004 2232 76

106 2247 283 2314 Incarnutio,
300 2255 342 2300 est
354 2265 422 2316 opus
435 2247 519 2300 totius
531 2246 670 2300 trinitatis.
687 2253 745 2301 265.
764 2249 816 2302 sed
831 2266 890 2302 non
905 2249 1006 2303 omniun

142 2333 329 2386 personarum.
349 2316 417 2367 ibid.
437 2321 540 2369 01291.

104 2387 241 2450 Incestus,
262 2383 433 2438 describitur.
456 2390 513 2439 113.

106 2454 315 2512 Incredulz'tns,
344 2454 372 2506 in
395 2453 536 2505 hominum
560 2451 674 2505 arbitdo
697 2449 792 2519 posita
818 2459 872 2507 est.
899 2461 948 2509 414
964 2468 1006 2520 seq.

142 2539 228 2578 causa
246 2521 447 2590 reprobationis
470 2522 529 2575 sola
546 2528 594 2574 est.
617 2526 667 2574 415
685 2537 742 2589 seq.
770 2538 829 2574 non
851 2523 944 2577 obstat
960 2537 1007 2591 par·

140 2590 296 2661 ticipationi
322 2591 443 2660 corporis
467 2596 496 2644 et
519 2588 662 2660 sanguinis
687 2588 792 2642 Christi
817 2591 847 2643 in
883 2610 904 2648 0.
930 2605 1006 2646 coena

108 2730 229 2796 Indipni
249 2729 278 2780 z'n
304 2747 326 2782 s.
349 2744 451 2781 coenae
469 2745 536 2793 usu,
561 2724 760 2780 describuntur.
784 2732 846 2782 577.
886 2728 1006 2798 integrm

142 2803 344 2852 sacramentum
368 2796 480 2867 quidem
504 2795 673 2864 percipiunt,
695 2794 745 2847 sed
770 2812 831 2848 non
857 2796 976 2868 quoadf
1000 2822 1007 2832 ·

142 2873 218 2921 ctum
234 2866 379 2920 internum.
402 2870 459 2919 518.

106 2936 304 2998 1031061000,
342 2934 397 2987 dici
429 2949 539 3003 quoque
569 2931 603 2985 de
634 2928 760 2999 personis
796 2931 931 2987 trinitatis
959 2935 1006 3001 pot·

142 3010 269 3058 001267.

107 3073 272 3138 Induratab,
290 3069 412 3140 quinque
430 3068 517 3122 modis
538 3067 599 3121 Deo
615 3066 754 3120 tribuitur.
779 3073 841 3124 118.

106 3142 299 3208 Inpratitudo²
319 3145 360 3193 est
379 3138 476 3192 vitium
495 3136 543 3191 IV.
563 3136 712 3205 praecepti.
737 3140 779 3191 38.

105 3212 248 3276 Infantes,
264 3214 372 3271 natura,
391 3224 447 3260 non
464 3207 589 3276 exemplo
607 3209 715 3258 tantum
735 3215 867 3274 peccant.
888 3213 943 3263 161.
963 3208 1005 3261 163.

139 3295 257 3348 poenam
276 3277 384 3347 peccati
404 3277 488 3330 etiam
500 3275 685 3345 experiuntur.
707 3280 764 3328 162.
797 3276 956 3346 personalia
971 3288 1007 3344 pa·
