2250 3772
102 251 167 320 452
239 248 347 336 Caput
368 249 429 316 m
472 250 525 315 De
545 247 689 313 oratione
710 247 868 315 dominius
922 296 927 309 .
974 350 977 355 .

156 421 209 489 51.
241 423 283 485 In
306 424 414 505 quibus
430 422 567 506 petimus
590 443 612 483 a
632 421 723 483 nobis
742 419 838 485 averti
852 414 925 482 maloi

189 539 229 603 In
251 542 359 623 quinta
380 537 533 625 petitione
553 547 732 624 peceatum.

190 625 230 688 [n
251 635 338 689 senta
360 623 551 688 tentationes
573 624 684 689 males.

128 727 131 732 ·
190 709 380 796 Inseptima
401 731 495 774 omne
517 730 619 794 genus
640 707 809 773 malorum

362 859 428 924 DE
448 859 475 926 L
500 859 767 926 PETITIONR

232 975 285 1044 52.
320 977 431 1042 Reor'ta
449 1001 530 1041 nuno
546 980 686 1063 primam
702 978 882 1062 petitionem

192 1073 416 1143 Sanctificetur
435 1099 553 1142 nomen
574 1089 674 1142 tuum.

207 1211 270 1310 53‘.
294 1211 380 1291 Quae
401 1226 445 1277 est
466 1206 562 1297 hujus
570 1215 732 1300 petitionis
753 1208 906 1276 smmi

191 1329 320 1394 Nomen
340 1329 405 1394 Dei
450 1352 484 1394 er
505 1353 540 1394 se
561 1329 693 1415 quidem
714 1338 858 1393 sanctum
875 1334 965 1410 estve
1005 1367 1008 1379 ·

107 1437 179 1477 rum
197 1437 256 1478 nos
279 1437 405 1479 oramus
425 1353 487 1480 loo
506 1415 672 1502 petitione,
696 1424 733 1479 ut
754 1413 841 1501 apud
858 1433 907 1478 nos
922 1424 966 1493 qut

108 1521 171 1582 que
193 1499 415 1564 sanctificetur.

327 1634 379 1701 54.
413 1634 485 1715 Qua
505 1637 624 1699 ratione
638 1637 681 1720 fit
701 1633 807 1699 istud?

192 1748 276 1815 Cuni
297 1752 431 1817 verbum
450 1751 516 1816 Dei
543 1773 623 1838 pure
644 1762 677 1816 et
702 1750 827 1816 sineere
854 1750 923 1815 inter
939 1758 971 1807 οὔ

108 1834 251 1914 docetur,
274 1849 305 1901 et
326 1860 384 1901 nos
405 1837 582 1901 secundum
601 1836 696 1914 illud,
716 1847 752 1901 ut
774 1836 857 1901 filios
876 1826 973 1900 Deio

111 1930 170 1997 cet,
189 1921 242 2007 pie
264 1923 409 1999 vivimus,
431 1923 519 2006 quod
533 1933 569 1987 ut
582 1922 646 2007 fiat,
668 1921 754 1986 dona
766 1921 869 2006 nobis,
886 1917 973 1985 oPtt!

111 2006 267 2074 coelestis.
307 2006 374 2088 Qui
399 2008 474 2072 vero
498 2008 590 2072 aliter
611 2007 705 2071 dooet
727 2007 778 2071 vel
805 2006 890 2090 vivit,
915 2014 974 2087 qul

109 2092 244 2154 verbum
258 2093 322 2157 Dei
346 2093 448 2177 docet,
470 2093 524 2157 ille
546 2115 663 2157 nomen
677 2091 743 2156 Dei
764 2092 848 2156 inter
866 2100 974 2238 nosfftr

110 2175 206 2322 fauet.
230 2177 273 2275 'N
274 2200 292 2242 e
312 2188 419 2242 autem
440 2177 502 2243 hoo
518 2178 650 2255 accidat,
670 2187 706 2240 tu
720 2176 866 2263 prohibe,
886 2197 903 2240 ο
937 2178 974 2235 Μ

110 2280 167 2324 coe
181 2272 265 2327 estrs,

216 2394 269 2460 55.
307 2395 391 2474 Quid
411 2399 590 2482 intelliqr‘tur
606 2420 667 2483 per
687 2420 806 2462 nomen
828 2393 908 2461 Deir

196 2513 224 2579 1.
253 2512 377 2577 Notitia
398 2514 479 2591 Dei,
506 2514 613 2598 quoad
634 2515 805 2579 essentiam
825 2525 858 2580 et
874 2509 974 2601 volut!

111 2607 185 2661 tem.
228 2597 258 2663 2.
289 2597 418 2684 Gloria,
447 2599 550 2663 honor
579 2610 611 2664 et
638 2600 799 2683 majestas.
841 2600 869 2666 3.
896 2594 973 2661 Ouffl

110 2682 180 2781 ejus
203 2681 294 2765 faeta,
316 2684 458 2761 virtutes,
481 2706 579 2770 opera
595 2693 627 2748 et
647 2684 805 2750 beneficia
825 2677 972 2763 in‘Scripffl'

109 2789 153 2830 rrs
176 2767 351 2835 decantata.

112 2902 165 2968 56.
188 2902 258 2981 Qua
278 2908 397 2970 ratione
418 2927 528 2968 nomen
543 2904 609 2968 Dei
621 2907 701 2970 inter
718 2928 775 2969 nos
789 2882 970 3007 sanetifioeffll

196 3012 329 3100 Duplici
348 3013 486 3098 ratione,
510 3015 537 3078 1.
561 3017 593 3078 in
614 3035 734 3099 yenere,
757 3014 785 3078 si
805 3000 968 3080 vorbuull·

111 3120 191 3184 pure
212 3110 244 3161 et
264 3098 385 3163 sincere
407 3098 567 3163 internos
589 3098 730 3163 docetur.

197 3198 226 3263 2.
248 3202 290 3262 In
311 3204 417 3284 speeie,
439 3201 467 3264 si
489 3200 624 3283 quilibet
642 3199 831 3267 christianin
844 3184 966 3263 semul&
1007 3272 1008 3276 η

111 3278 201 3360 illud,
221 3294 257 3348 ut
277 3283 360 3350 filios
379 3285 445 3350 Dei
466 3286 566 3370 decet,
588 3285 641 3372 pie
662 3285 749 3353 vivit.
1001 3290 1003 3295 ’
