2250 3772
242 234 329 302 Sext.
344 256 450 322 praec.
465 273 508 282 —
524 233 576 298 De
593 233 693 300 castit.
709 245 741 298 et
755 234 915 318 conjugio.
972 235 1034 301 115

198 403 339 471 (Virtam
357 404 444 486 igitur
467 410 495 459 et
521 420 608 473 opera
625 402 670 456 hic
693 401 772 457 nobis
791 404 1034 458 commendantur:

109 473 145 523 l.
178 473 281 528 castitas
298 473 386 527 animi
406 478 434 528 et
451 473 589 542 corporis,
608 472 757 542 puritatem
775 472 805 525 in
825 488 926 543 genere
944 473 1035 528 illiba·

105 541 189 596 tam
199 559 370 597 conservans.
398 548 421 598 2.
433 541 615 599 Verecundia
625 558 675 597 seu
685 540 831 611 pudicitia,
843 556 933 608 sensa,
952 542 1035 612 dicta,

105 606 209 675 faeta,
225 627 323 679 mores,
343 616 463 683 gestum,
480 610 596 678 vultum,
612 610 750 679 vestitum,
769 609 908 664 incessum
922 626 955 664 ac
969 628 1036 665 con·

104 679 308 735 venaaonem
325 679 441 735 honeste
459 679 598 734 ordinans.
629 686 652 734 3.
672 679 871 748 Temperantia
890 679 1035 749 appetitio·

105 762 180 801 nes
193 748 342 803 affectuum
359 751 389 802 in
408 749 479 813 cibo,
495 755 564 818 potu
582 755 611 803 et
621 748 731 803 Venere
743 748 867 819 legitime
880 749 1035 803 moderans.

104 811 192 871 Huc
207 818 298 873 atiam-
306 818 449 888 pertinent
467 817 560 872 omnia
579 833 621 886 ea,
638 833 711 887 quae
731 816 768 869 ad
787 817 989 871 conciliandam
1006 823 1035 871 et

104 886 342 941 conservandam
363 887 524 941 castitatem
551 885 671 953 faciunt,
694 890 791 953 utpote
816 886 935 954 diligens
961 900 1034 939 com-

105 952 202 1008 miss
218 955 340 1010 muneris
358 955 473 1024 functio,
492 954 620 1009 laborum
639 953 797 1021 assiduitas,
811 955 957 1023 jejunium,
976 971 1035 1008 cor·

106 1022 200 1088 poris
216 1023 371 1095 castigatio,
389 1041 407 1078 a
423 1024 507 1079 rebus
523 1024 739 1094 provocantibus
757 1023 933 1089 abstinentia,
953 1023 1035 1076 adeo-

108 1105 182 1170 ‘1¹3⁸
199 1093 286 1214 thtius
299 1093 400 1147 veteris
417 1092 520 1146 Adami
537 1092 719 1147 mortificatio.
759 1091 835 1147 Vera
853 1093 954 1145 etenim
970 1096 1036 1145 sunt

108 1165 193 1215 trata
226 1178 289 1216 aec:

196 1230 259 1284 Otia
276 1230 304 1283 si
320 1229 408 1283 tollas
420 1229 537 1298 periere
558 1229 702 1296 cupidinis
719 1246 812 1282 arcas.
1100 1249 1103 1256 ·

156 1297 241 1356 Ouid.
261 1298 310 1353 lib.
325 1304 347 1353 l.
369 1297 404 1353 de
421 1297 524 1352 remed.
542 1314 628 1354 amor.
645 1315 672 1367 p.
685 1302 743 1352 364.
774 1296 872 1351 Vitare
888 1303 1037 1366 peccatum

113 1368 167 1416 ent
191 1367 277 1423 vitare
301 1366 475 1421 occasionem
497 1365 640 1437 peccandi.
676 1367 743 1419 Noa
759 1365 856 1433 focile
880 1366 992 1433 copitar
1016 1383 1036 1418 a

115 1430 247 1506 diabolo,
264 1436 315 1506 qni
323 1437 394 1488 bono
406 1443 489 1488 vacat
501 1435 640 1490 exercitio,
673 1435 861 1502 Hieronymus
872 1432 901 1487 in
918 1434 997 1504 epist.
1010 1440 1034 1489 4.

116 1499 160 1552 ld
188 1503 261 1560 Rust.
280 1503 406 1559 monach.
426 1509 445 1558 t.
465 1509 487 1560 l.
507 1522 535 1574 p.
554 1509 596 1558 45.

158 1572 236 1641 Ores,
255 1581 340 1627 casta·
353 1574 441 1642 lepos,
455 1573 581 1641 jejunes,
599 1572 658 1625 otio
674 1573 757 1625 vitea:

199 1640 230 1695 Si
245 1658 360 1696 servare
377 1643 453 1695 voles
470 1658 592 1711 corpora
613 1649 691 1694 casta
713 1642 805 1710 Deo.)

231 1777 294 1842 DE
316 1774 579 1842 CASTITATE
600 1777 662 1841 ΕΤ
684 1775 934 1843 CONJUGIO.

332 1895 385 1959 42.
418 1895 589 1980 erotupiea
612 1910 656 1961 est
679 1896 828 1961 castitas?

213 1995 357 2082 Duplex:
377 1995 535 2082 Virginea
549 1995 615 2061 sive
637 1998 775 2073 coelebs,
797 2009 828 2060 et
850 1995 1036 2082 conjugalis.

201 2111 373 2178 (Distributio
398 2113 469 2168 haec
496 2114 642 2184 desumpta
662 2121 703 2169 est
727 2132 744 2169 a
769 2114 896 2185 subjecto
919 2114 1036 2183 diverso,

64 2216 67 2231 ·
144 2185 222 2235 Vtrum
240 2183 361 2248 scilicet,
380 2182 428 2254 qui
444 2183 543 2237 vivunt
559 2189 638 2238 extra
655 2183 831 2255 conjugium,
857 2183 952 2255 quales
972 2190 1038 2237 sunt

146 2245 246 2306 aelbes
263 2253 293 2305 in
311 2267 423 2322 genere,
441 2251 577 2322 virgines,
595 2252 711 2321 viduae,
728 2255 860 2374 {uvenem
878 2252 965 2320 vidui,
985 2259 1037 2307 etc.

148 2315 171 2362 ti
189 2320 227 2387 qui
249 2321 349 2375 vivunt
374 2320 448 2374 intra
473 2320 635 2393 conjugium
642 2362 649 2390 ,
679 2339 774 2393 quaes
803 2329 868 2376 sunt
893 2324 1035 2392 conjuges.

149 2374 254 2442 Habea„
272 2396 367 2445 autem
387 2394 411 2443 1.
432 2387 494 2443 Cor.
518 2393 540 2453 7,
559 2393 606 2446 32.
625 2397 655 2459 et
671 2396 758 2462 seqq.)

149 2495 189 2562 43·
208 2506 303 2586 Quom
325 2532 418 2573 oocoa
433 2513 603 2575 castitatem
618 2514 786 2601 oirqineam
801 2515 862 2575 sive
877 2509 1039 2574 coelibem?

215 2607 284 2690 Qua
305 2609 444 2674 coelibes
466 2633 574 2675 veram
601 2612 743 2696 corporis
772 2624 803 2676 et
824 2612 928 2676 cordis
951 2610 1039 2696 puri-

149 2690 238 2771 Vitm,
265 2695 346 2759 citra
374 2695 473 2759 ullam
500 2696 604 2759 carnis
625 2696 858 2760 immunditiem
882 2697 1039 2760 illibatam

150 2783 329 2857 enervant,
354 2781 382 2843 l.
408 2782 478 2846 Cor.
502 2783 532 2857 7,
554 2783 605 2846 34.
642 2782 667 2846 l.
694 2784 796 2845 Tlresa.
819 2782 850 2857 4,
872 2782 901 2845 5,
932 2807 936 2817 ·

230 2916 277 2979 44.
304 2914 405 2994 Quom
427 2940 519 2981 vocas
540 2920 710 2982 castitatem
734 2915 940 3002 conjopalem?

152 3081 187 3149 fid
217 3011 318 3162 tinam
337 3016 384 3117 pii
403 3017 573 3103 conjuges,
594 3028 705 3082 mutuo
727 3039 834 3080 amore
857 3038 894 3116 ao
916 3016 1040 3081 sincera

153 3111 336 3251 altaldi
352 3102 1038 3265 iifflaiiiinifniiiaii⁰efficii.
1070 3232 1077 3244 .

156 3252 236 3334 144
264 3274 358 3338 Helm.
382 3272 433 3349 13,
454 3273 483 3338 4.

841 3372 871 3412 δῦ
