2258 3766
100 224 174 291 Ι’524
313 219 425 304 Caput·
439 221 500 289 IV.
547 220 600 285 De
613 222 791 307 baptismo.

110 392 323 462 rebaptisantur.
362 390 427 446 vid.
448 391 542 444 Thom.
560 389 635 444 ibid.
665 391 717 446 Est
741 392 817 447 enim
842 394 948 452 elench.
972 402 1015 453 tu

110 462 176 514 min.
203 460 272 513 Fuit
289 461 312 513 is
330 459 485 529 baptismus
506 458 587 540 ignis²
606 477 662 514 non
675 477 777 531 aquae.
805 460 916 519 Vid.su
938 504 944 516 .
972 464 1013 518 aa

72 560 76 571 ·
112 533 203 583 obstat
230 538 253 584 3.
276 546 327 597 per
350 528 519 597 baptismum
538 528 672 597 Spiritum
700 538 829 584 sanetum
855 549 888 586 eo
921 533 1013 587 eniet

110 598 195 654 fidem
212 597 376 667 languidam
395 597 560 651 confimari.
597 597 649 651 Est
666 599 739 651 enim
760 599 869 655 elench.
888 616 944 656 non
961 618 1011 656 sau·

112 685 160 725 sas
188 674 221 722 ut
245 682 355 721 causae.
399 665 472 729 Quia
496 664 675 735 perficiuntur
699 667 770 723 hseo
789 669 854 738 ipsa
876 669 960 725 etiam

109 737 226 791 verbum
245 741 273 789 et
291 753 357 788 usur
377 734 497 788 ationem
516 744 630 804 coenae,
651 736 718 789 item
735 738 959 794 consideratione
1002 766 1009 778 ·

109 805 205 875 ptiemi
222 804 308 857 semel
327 753 429 859 ooilati.
465 803 542 856 Deus
560 803 605 856 hie
623 821 733 884 semper
751 804 845 860 fidelis
862 814 963 874 manet,
976 820 1008 860 se

110 881 169 928 met
185 873 276 942 ipsum
293 889 396 941 negare
414 890 469 926 non
487 879 587 940 potest.
606 876 632 926 2.
655 874 725 926 Tem.
742 877 770 942 2,
793 879 835 929 13.
870 879 1007 930 Errantt.

101 941 284 1001 ,Nouatianu
309 941 357 1009 qui
378 940 464 1010 lapsis
480 947 545 1010 post
562 940 730 1010 baptismum
749 944 860 998 veniam
877 948 1006 1016 negarunt

103 1009 256 1083 ,Epiakon
275 1010 379 1064 haeres
398 1017 440 1064 ott.
459 1009 477 1063 l.
498 1016 521 1064 2.
540 1016 560 1061 t.
582 1017 604 1064 l.
623 1029 649 1080 p.
668 1017 726 1069 232.
762 1011 869 1068 Contra
887 1021 930 1068 tot
944 1028 1004 1082 apet-

109 1078 218 1131 tissima
234 1078 393 1146 Scripturas
412 1078 578 1133 testimonia.
612 1080 652 1132 Et
669 1080 696 1132 ei
712 1080 819 1135 millies
831 1083 913 1137 homo
925 1083 1004 1163 laqus

109 1149 155 1212 sit,
177 1156 203 1201 et
219 1147 323 1201 millies
347 1148 512 1215 resipuerit,
536 1165 712 1215 nequaquam
736 1166 798 1202 eum
818 1153 901 1204 Deus
918 1148 1003 1219 ainai.

110 1218 249 1271 Athenas.
268 1233 314 1285 qu.
334 1221 374 1269 93.
389 1216 426 1268 ad
445 1215 575 1269 Antioeh.
593 1224 614 1272 t.
628 1223 651 1270 2.
671 1234 698 1286 p.
710 1223 768 1273 301.
779 1217 811 1273 C.
848 1219 921 1275 Vide
936 1231 1004 1289 supra

109 1286 202 1340 locum
221 1285 256 1338 de
272 1284 449 1355 poenitentia.
468 1303 495 1355 q.
513 1291 565 1350 21.)

133 1491 198 1554 DE
228 1487 490 1556 ADJUNCTIS
521 1488 627 1555 SIVE
655 1486 985 1558 ACCIDENTIBUS

444 1573 678 1641 BAPTISMI.
946 1628 950 1637 .

188 1714 240 1778 40.
280 1710 396 1788 Quibus
423 1709 610 1774 oeremoniis
634 1714 805 1795 baptismus
828 1727 870 1778 est
890 1716 943 1777 ad·

442 1795 687 1859 ministrandus?

194 1917 393 1999 Istiusmodi,
415 1936 497 1997 quae
518 1913 569 1976 vel
590 1913 696 1976 verbis
717 1913 935 1990 institutionis,
958 1908 995 1973 sel

110 2001 181 2065 aliis
212 1999 395 2084 Scripturas
425 1998 614 2061 testimoniis
637 2012 709 2061 sunt
730 2000 930 2084 praefinitae,
956 2016 998 2060 en-

105 2084 248 2169 jusmodi
278 2096 352 2147 sunt
377 2083 592 2169 precationes,
618 2083 793 2168 gratiarum
820 2086 952 2149 actiones
975 2092 997 2143 et

110 2171 192 2234 alise
213 2169 386 2251 nonnullae
415 2169 455 2232 de
478 2168 636 2252 baptismo
662 2170 868 2254 ejusdemque
890 2160 997 2232 salutari

109 2256 215 2318 fruotu
237 2253 568 2317 commonefactiones.

102 2414 105 2419 -
179 2371 249 2435 (Ubi
260 2371 460 2426 attendendum
469 2370 590 2426 axioma:
604 2378 783 2424 sacramenta
791 2366 998 2425 administrando

107 2450 174 2495 sunt
190 2440 396 2508 simplicissime
416 2441 453 2492 iis
472 2441 581 2506 ritibus,
599 2441 699 2509 quibas
712 2438 841 2495 Christus
858 2449 884 2493 et
900 2432 1000 2510 apostoli

108 2512 156 2564 usi
173 2517 245 2563 sunt.
275 2508 345 2563 Cum
364 2524 438 2570 vero,
459 2507 507 2578 qui
526 2508 658 2577 qualesve
667 2508 736 2562 ritus
746 2508 782 2562 ab
792 2504 999 2578 apostolisinla·

108 2578 247 2650 ptismatis
256 2579 365 2632 actione
378 2579 512 2646 usurpati,
529 2578 655 2646 praecise
668 2578 696 2630 in
711 2578 861 2646 scripturis
876 2576 999 2632 definitum

107 2649 232 2714 nonsit,
252 2655 280 2701 et
296 2647 340 2700 hio
358 2649 431 2699 ritus
449 2648 660 2714 dissentiendi,
683 2649 733 2716 qui
751 2649 811 2700 sine
825 2655 940 2716 peceato
955 2659 999 2697 ter·

107 2718 173 2770 vari
184 2724 314 2786 possunt,
333 2724 359 2768 et
377 2719 417 2768 ad
436 2716 671 2783 tranquillitatem
688 2725 715 2768 et
734 2716 834 2768 bonum
847 2710 999 2769 ordinantis

105 2787 225 2840 ecelesia
239 2793 369 2853 prosunt.
396 2781 742 2852 Anqust.00nfees.a1tie.
758 2791 796 2840 19.
815 2803 845 2854 p.
863 2790 901 2839 13.
926 2782 999 2858 liqut

105 2855 296 2909 indifferenter
315 2859 343 2906 et
361 2852 447 2907 libere
472 2852 542 2906 citra
560 2853 785 2921 superstitionem
802 2853 895 2907 culus
911 2858 939 2908 et
952 2864 997 2918 opt·

106 2924 218 2977 niousm
244 2922 425 2977 necessitatis.
460 2923 572 2974 Errant
596 2923 682 2991 igitur
705 2922 862 2991 pontificii,
891 2921 937 2992 qui
957 2932 1000 2973 nou

106 2999 166 3046 tam
189 2992 284 3055 miras,
309 3008 393 3060 quam
417 2989 550 3043 ridiculas
576 2991 606 3043 in
626 2989 802 3059 baptismatis
821 2991 1000 3045 nationesne

108 3061 215 3114 monias
241 3059 389 3113 adhibent:
416 3059 525 3128 qualest
550 3059 610 3126 sal,
632 3061 738 3124 oleum,
761 3061 1001 3119 chrismentur,

107 3130 272 3194 chrismale,
289 3128 397 3193 salina,
411 3129 516 3196 flatus,
533 3128 661 3180 uirtutem
679 3129 858 3196 baptismatis
877 3128 932 3181 ista
942 3126 1001 3194 fist

108 3206 185 3251 rent.
228 3196 292 3252 Vid.
318 3197 487 3250 Bellorum.
514 3194 562 3251 lib.
585 3202 606 3250 1.
633 3198 669 3251 de
688 3196 766 3267 bapt.
789 3214 815 3252 e.
835 3204 876 3253 25.
900 3202 928 3250 et
941 3206 1002 3309 seqq

110 3272 131 3319 t.
143 3271 166 3320 3.
184 3265 236 3320 eol.
248 3270 297 3319 324
312 3281 387 3335 seqq.
418 3267 458 3318 At
476 3264 526 3319 ubi
543 3264 597 3318 hae
617 3271 640 3319 1.
657 3283 674 3319 a
692 3265 803 3321 Christo
813 3264 985 3336 praescripta
