2250 3772
100 217 120 284 8
442 215 540 280 Des.
563 223 672 278 sancta

98 386 129 451 5.
143 387 246 452 Jonas
522 384 544 446 4
569 385 598 448 9.
616 380 795 468 Zephanias

101 472 129 536 6.
146 471 312 535 Michaeas
525 471 542 534 7
571 471 620 534 10.
637 469 791 553 Aggasus

102 556 132 623 7.
147 554 276 619 Nahum
523 556 543 618 3
572 556 621 618 11.
637 551 808 617 Zacharias

100 640 129 704 8.
145 642 302 705 Habacuc
523 640 543 703 3
572 638 621 702 12.
636 636 823 701 Malachias.

158 831 186 895 7.
232 827 295 905 Qui
314 841 384 892 sunt
398 831 531 911 propr-te
553 827 625 891 titii
644 824 731 890 Novi
756 826 965 895 Testamenti?

188 963 255 1044 Qui
284 963 325 1026 ah
358 963 561 1049 evangelistis
594 976 626 1026 et
658 963 826 1048 apostolis,
858 961 1014 1029 instinctu

101 1048 242 1134 Spiritus
269 1049 385 1125 sancti,
419 1071 562 1112 sermone
595 1047 721 1112 Graeco
754 1061 827 1132 post
848 1045 1013 1113 Christum

101 1146 211 1199 natum
246 1134 372 1218 scripti,
408 1148 438 1197 et
468 1134 620 1196 ecclesiae
648 1131 768 1197 Christi
799 1134 1014 1198 commendati

100 1232 184 1284 sunt.

172 1335 340 1416 (Descriptio
359 1334 455 1389 itidem
472 1334 589 1388 sumitur
608 1352 626 1388 a
646 1339 667 1388 1.
680 1350 765 1388 causa
783 1333 921 1389 efficiente
938 1337 1014 1404 prin·

102 1405 193 1474 cipali,
220 1406 238 1461 S
259 1405 324 1458 intu
348 1410 453 1458 sancto.
490 1411 513 1456 2.
535 1403 809 1465 Instrumentalibus,
835 1404 1014 1474 evangelistis

102 1480 130 1528 et
141 1423 289 1543 ‚apostciis
327 1479 350 1526 3.
369 1472 527 1542 Adjunctis,
550 1480 572 1526 1.
589 1477 713 1541 tempore
731 1478 794 1540 post
806 1470 946 1526 Christum
965 1490 1014 1528 na·

101 1548 170 1596 tum.
201 1548 224 1596 2.
249 1541 382 1595 sermonis
406 1558 514 1610 genere.
541 1541 599 1597 scil.
623 1539 740 1595 Graeco.
787 1539 892 1609 Excipe
920 1549 1013 1596 autem

101 1610 278 1681 evangelium
295 1609 444 1673 Matthaei,
471 1608 545 1678 quod
568 1608 696 1679 primitus
719 1608 856 1663 Hebraice
881 1610 1014 1679 scriptum

102 1679 190 1733 fuisse
208 1679 287 1733 testis
310 1686 353 1733 est
369 1679 515 1746 Irenaeae,
540 1677 589 1730 lib.
607 1683 631 1731 3.
650 1676 754 1731 haeres.
776 1694 835 1746 cap.
858 1684 879 1731 1.
907 1696 935 1747 p.
954 1685 1013 1735 269.

102 1766 130 1803 n.
150 1755 174 1803 2.
209 1747 428 1802 Athanasius
450 1764 485 1800 nc
506 1764 526 1798 s.
549 1751 656 1800 tamt.
682 1764 747 1816 pag.
771 1745 874 1801 1310.
911 1748 1014 1801 Hiero·

102 1835 176 1885 apra.
194 1817 223 1870 in
240 1817 356 1887 praefat.
376 1816 404 1870 in
449 1764 519 1871 attii.
531 1822 596 1869 tom.
610 1821 634 1868 9.
653 1821 680 1869 et
697 1816 726 1868 in
743 1831 803 1883 cap.
822 1822 862 1870 11.
882 1814 929 1869 Os.
948 1821 1014 1872 tom.

104 1892 128 1942 6.
146 1905 174 1955 p.
195 1893 236 1941 41.
256 1886 291 1938 Ι).
321 1885 487 1955 Quanquam
505 1884 553 1938 alii
575 1884 609 1936 de
628 1884 724 1937 ecdem
742 1901 798 1937 non
817 1885 867 1937 abs
885 1902 915 1938 re
935 1885 1016 1939 dubi·

101 1960 179 2008 tant.
202 1956 275 2009 sicut
294 1961 321 2010 11
340 1955 376 2010 de
394 1954 513 2023 epistola
536 1953 572 2007 ad
591 1952 748 2006 Hebraeos:
777 1969 840 2005 cum
867 1952 1015 2009 verisimile

102 2024 147 2090 sit,
166 2023 273 2078 Graece
285 2024 372 2078 fuisse
385 2024 524 2092 scriptam,
543 2022 678 2093 quietum
695 2022 793 2091 lingua
805 2020 914 2076 Graeca
931 2023 1018 2076 etiam

103 2091 220 2147 Judaeis
245 2110 300 2145 non
329 2099 387 2146 erat
406 2092 563 2162 incognita,
592 2096 620 2144 et
638 2090 686 2142 alii
706 2090 823 2158 apostoli
845 2091 1015 2160 scripserunt

104 2158 228 2227 Graece,
246 2178 301 2213 non
319 2161 400 2214 modo
421 2177 493 2230 quae
513 2158 622 2212 cunctis
639 2162 807 2227 promiscue,
828 2160 877 2213 sed
897 2175 969 2230 quae
988 2166 1017 2215 et

103 2228 171 2350 tt?
189 2228 552 2350 ‘'tdtttiffitittstt
577 2229 613 2348 ii
632 2228 801 2349 11111111
814 2229 949 2349 116111)
958 2229 1018 2350 5³³·

104 2315 222 2434 scripti:
243 2382 295 2419 nec
315 2342 449 2419 autoritas
460 2364 577 2417 Damasi
591 2364 633 2416 Pa
654 2381 686 2417 ae
702 2313 747 2417 hic
767 2313 917 2435 quicqiisihr
933 2314 1017 2436 iiiii

104 2382 1017 2572 1111111111..111111111111111111

104 2571 245 2634 Beutheri,
273 2589 344 2643 quae
368 2571 489 2626 citantur
513 2587 530 2624 1
549 2542 686 2624 Bellhrm.
707 2541 774 2625 ’1,1.
796 2571 830 2625 de
849 2571 934 2625 verbo
954 2572 1017 2640 Dei,

104 2657 167 2709 cap.
188 2648 211 2694 1.
231 2647 297 2694 tom.
318 2649 340 2696 1.
359 2640 411 2694 col.
433 2646 473 2695 87.
494 2638 525 2694 C.
558 2646 583 2696 4.
604 2638 806 2720 Descriptionis
823 2648 1017 2710 argumentum

105 2710 223 2765 sumitur
245 2709 281 2763 ab
308 2708 430 2779 objectu,
458 2709 504 2763 cui
530 2708 729 2776 commendati,
756 2725 855 2778 nempe
884 2710 1019 2766 ecclesias

105 2773 231 2844 chrisa)

249 2949 278 3014 8.
322 2949 432 3012 Recita
452 2949 547 3011 libros
569 2946 655 3011 Novi
679 2948 873 3012 Testamenti.

105 3083 167 3147 Ev.
182 3081 299 3147 Matth.
315 3083 384 3154 hab.
403 3108 470 3172 cap.
507 3082 549 3147 28
576 3082 636 3144 Ev.
650 3081 674 3147 J
676 3079 790 3146 chann.
804 3082 873 3146 liat.
889 3104 957 3165 cap.
978 3082 1019 3146 21

106 3164 232 3253 Evang.
246 3167 352 3231 Marci
511 3168 550 3232 16
578 3166 661 3229 Acta
675 3165 873 3251 Apostolica.
979 3167 1021 3233 28

104 3252 230 3339 Evang.
245 3251 354 3318 Lucae
510 3253 552 3315 24
