2250 3772
362 221 415 287 De
436 221 570 286 materia
593 221 754 308 baptismi.
949 223 1014 289 503

100 391 155 457 vel
176 390 301 456 occulte
329 391 452 475 aliquid
479 391 514 455 in
539 391 736 456 institutione
761 401 874 477 neget,
907 391 958 454 vel
979 391 1014 454 in

99 476 177 541 aliis
209 476 305 540 etiam
336 477 499 541 doetrinae
537 476 682 562 partibus
718 476 864 541 haeresin
897 474 1012 540 foveat.

99 560 206 642 Quod
223 561 250 624 si
270 583 347 627 vero
367 559 487 631 Christi
508 560 738 626 institutionem
762 584 828 625 non
849 571 961 637 servet,
983 571 1015 624 11

97 646 246 731 aliquam
268 646 506 710 substantialem
525 647 677 732 baptismi
697 658 819 732 partem
834 656 939 730 neget,
960 667 1016 709 ea-

98 754 167 817 que
182 730 323 815 haeresis
334 742 433 796 totam
448 732 613 796 eeclesiam
628 742 773 816 occupet,
793 753 903 795 verum
918 729 1015 794 etiam

98 815 300 902 baptismum
319 817 540 882 administrare
560 840 626 881 non
647 829 763 903 potest,

175 931 234 1000 (Sic
251 949 317 1003 ergo
334 933 468 1003 pontificii
482 951 578 988 verum
594 934 763 1004 baptismum
778 933 930 1000 conferunt,
949 933 1015 1003 quia

97 1001 301 1057 substantialia
310 1003 441 1072 baptismi
453 1005 581 1071 retinent,
602 1004 711 1057 etiamsi
722 1003 914 1073 superstitiosa
925 1001 1014 1056 multa

99 1071 205 1126 iisdem
221 1071 399 1125 immisceant.
437 1071 539 1126 Contra
557 1089 622 1125 vero
640 1073 753 1140 Ariani,
770 1070 938 1139 Photiniani,
954 1070 1014 1124 Ma·

96 1139 260 1208 assonant,
290 1140 355 1209 quia
385 1141 543 1194 essentialia
575 1141 705 1210 baptismi
733 1141 888 1208 immutant,
917 1157 1013 1194 verum

99 1208 276 1279 baptismum
296 1225 352 1261 non
377 1209 528 1263 conferunt.
563 1210 684 1263 Erravit
704 1209 748 1263 hio
769 1209 941 1277 Cyprianus,
966 1207 1014 1279 qui

99 1277 144 1332 ab
161 1276 307 1331 haereticis
325 1278 479 1347 baptisatos
523 1277 658 1331 romiseue
678 1279 737 1332 sine
760 1277 916 1332 discrimine
934 1277 1014 1331 reba·

100 1345 251 1417 ptisandos
269 1362 329 1401 esse
348 1347 454 1400 statuit.
484 1294 550 1402 Vid.
571 1347 661 1415 ejusd.
681 1347 760 1416 epist.
783 1346 898 1401 addan.
922 1345 969 1399 lib.
991 1353 1013 1403 1.

98 1415 188 1485 epist.
208 1420 268 1483 12„
296 1420 352 1469 ,to
378 1415 443 1469 item
468 1415 515 1470 lib.
541 1415 576 1468 de
595 1415 698 1470 haeret.
720 1415 876 1485 baptisand.
901 1415 937 1468 ad
964 1415 1014 1469 Ju-

100 1484 188 1539 bean.
208 1432 339 1553 8111111.
362 1491 390 1538 11
415 1483 520 1548 Quirin.
544 1501 562 1537 a
588 1502 614 1554 p.
634 1490 692 1539 317.
716 1501 804 1555 usque
823 1490 880 1538 332.
924 1482 1016 1544 Quum

101 1558 203 1607 tamen
222 1553 328 1604 arrasia
344 1561 439 1605 aotam
456 1552 588 1620 martyrii
597 1554 669 1621 fula
687 1555 717 1606 iu
735 1561 832 1606 sauata
844 1553 905 1606 uiro
917 1570 1016 1622 repur-

101 1622 195 1692 9aait.
213 1619 286 1675 Vide
298 1621 418 1690 Aupust.
436 1621 484 1675 lib.
501 1621 537 1676 (11
548 1622 631 1675 unico
648 1622 777 1692 baptism.
792 1639 815 1675 1.
833 1627 872 1676 11.
890 1627 910 1674 1.
925 1628 949 1675 7.
964 1621 1015 1675 ool.

104 1696 168 1745 504.
187 1689 223 1742 D.
260 1689 353 1745 Unum
371 1690 416 1743 hie
435 1699 517 1744 uota:
539 1690 562 1743 si
574 1691 697 1745 minister
718 1691 825 1744 occulte
840 1689 934 1743 foveat
951 1690 1016 1743 has·

102 1759 189 1821 resin,
207 1757 338 1827 baptismi
358 1759 467 1812 veritati
485 1759 663 1823 contrariam,
682 1776 777 1813 verum
796 1760 819 1811 is
839 1758 1016 1811 nihilominus

102 1825 277 1907 baptismum
300 1827 482 1884 administrat.
524 1827 597 1890 Quia
618 1835 639 1882 1.
659 1834 831 1881 sacramenta
853 1828 927 1881 bona
950 1833 1016 1881 sunt

100 1900 194 1951 ‘totins
211 1895 357 1964 eeclesiae,
381 1913 436 1949 non
453 1897 574 1950 solorum
591 1896 790 1965 ministrorum,
816 1901 839 1948 2.
858 1901 922 1947 sunt
940 1895 1017 1949 testi·

105 1965 204 2019 monia
220 1963 293 2017 illius
312 1964 462 2032 doetrinae,
481 1981 551 2035 quae
564 1965 674 2034 publice
686 1965 715 2017 in
729 1964 845 2018 11111111
857 1970 943 2031 sonat,
960 1980 1018 2018 non

102 2034 178 2105 ejus,
196 2049 279 2103 quam
298 2033 423 2087 minister
438 2034 568 2103 privatim
585 2034 615 2086 in
632 2033 715 2087 oorde
733 2050 782 2087 suo
800 2032 940 2100 occultat)

277 2169 341 2233 DE
373 2169 588 2234 MATERIA
616 2166 849 2233 BAPTISMI.

233 2304 280 2368 10.
327 2303 487 2380 Quaenam
510 2317 554 2368 est
575 2307 705 2369 materia
726 2305 896 2388 baptismi?

183 2403 436 2470 >Sacramentum
459 2416 581 2469 constat
603 2406 727 2469 duabus
754 2407 866 2482 rebus,
893 2416 1019 2469 terrena

103 2502 141 2556 et
161 2490 302 2568 coelesti,
318 2491 413 2574 juxta
433 2491 470 2556 B.
487 2490 612 2554 Irenaei
632 2490 776 2576 regulam
796 2491 852 2554 lib.
871 2490 901 2552 4.
924 2512 950 2554 o.
966 2491 1018 2556 34.

104 2574 235 2663 [1264.
260 2576 398 2640 11111116.
449 2573 504 2640 Sic
534 2576 665 2639 materia
693 2576 759 2639 sive
790 2597 840 2639 res
869 2574 1019 2659 baptismi

105 2678 237 2726 terrena
258 2672 306 2724 est
329 2683 431 2743 aqua,
454 2660 599 2724 eoelestis
621 2683 696 2725 vero
720 2671 769 2724 est
784 2661 922 2745 Spiritus
945 2685 1019 2724 aaa·

103 2759 187 2822 otus,
211 2749 272 2809 sias
293 2770 332 2808 ss.
354 2747 485 2809 trinitas.

108 2898 161 2963 ll.
204 2899 314 2964 Proba
340 2911 499 2961 externum
525 2922 590 2962 ram
619 2901 679 2960 siue
708 2909 865 2959 externum
895 2896 1022 2960 elamm-

331 2995 394 3046 tum
416 2985 561 3067 baptismi
581 3006 643 3047 ssse
665 2981 803 3066 aquam?

195 3084 312 3160 Probo,
334 3085 361 3150 1.
378 3083 454 3167 quia
469 3082 615 3148 Christus
639 3103 788 3167 expresse
810 3103 912 3165 aquae
928 3102 1018 3144 men-

104 3166 231 3232 tionem
252 3167 339 3245 facit‚
360 3169 432 3266 {ab
456 3169 485 3245 3,
506 3169 535 3235 5.
584 3168 656 3232 Ν111
680 3166 751 3250 quis
772 3180 900 3230 renatus
922 3165 1021 3230 fuerit

107 3276 150 3320 ex
174 3278 259 3339 aqua
278 3264 310 3317 et
331 3265 454 3338 sp1r1tu.
