<?xml version="1.0" encoding="UTF-8"?>
<!DOCTYPE html PUBLIC "-//W3C//DTD XHTML 1.0 Transitional//EN"
    "http://www.w3.org/TR/xhtml1/DTD/xhtml1-transitional.dtd">
<html xmlns="http://www.w3.org/1999/xhtml" xml:lang="en" lang="en">
 <head>
  <title>
</title>
<meta http-equiv="Content-Type" content="text/html;charset=utf-8" />
  <meta name='ocr-system' content='tesseract 3.04.00' />
  <meta name='ocr-capabilities' content='ocr_page ocr_carea ocr_par ocr_line ocrx_word'/>
</head>
<body>
  <div class='ocr_page' id='page_1' title='image "./dconradidieteri00dietgoog_0354.png"; bbox 0 0 2250 3772; ppageno 0'>
   <div class='ocr_carea' id='block_1_1' title="bbox 309 244 934 332">
    <p class='ocr_par' dir='ltr' id='par_1_1' title="bbox 309 244 934 332">
     <span class='ocr_line' id='line_1_1' title="bbox 309 244 934 332; baseline -0.005 -22"><span class='ocrx_word' id='word_1_1' title='bbox 309 245 362 310; x_wconf 91' lang='lat' dir='ltr'><strong>De</strong></span> <span class='ocrx_word' id='word_1_2' title='bbox 384 244 508 332; x_wconf 88' lang='lat' dir='ltr'>Spiritu</span> <span class='ocrx_word' id='word_1_3' title='bbox 529 255 648 313; x_wconf 88' lang='lat' dir='ltr'><strong>sancto.</strong></span> <span class='ocrx_word' id='word_1_4' title='bbox 871 244 934 311; x_wconf 74' lang='lat'><strong>321</strong></span> 
     </span>
    </p>
   </div>
   <div class='ocr_carea' id='block_1_2' title="bbox 68 412 939 1938">
    <p class='ocr_par' dir='ltr' id='par_1_2' title="bbox 68 412 939 1938">
     <span class='ocr_line' id='line_1_2' title="bbox 68 412 938 484; baseline 0.002 -18"><span class='ocrx_word' id='word_1_5' title='bbox 68 428 105 466; x_wconf 78' lang='lat' dir='ltr'><strong>rna</strong></span> <span class='ocrx_word' id='word_1_6' title='bbox 117 413 217 482; x_wconf 85' lang='lat' dir='ltr'><strong>divina,</strong></span> <span class='ocrx_word' id='word_1_7' title='bbox 236 428 310 484; x_wconf 89' lang='lat' dir='ltr'><strong>quae</strong></span> <span class='ocrx_word' id='word_1_8' title='bbox 328 412 402 467; x_wconf 90' lang='lat' dir='ltr'><strong>mitti</strong></span> <span class='ocrx_word' id='word_1_9' title='bbox 419 412 534 482; x_wconf 87' lang='lat' dir='ltr'><strong>dicitur,</strong></span> <span class='ocrx_word' id='word_1_10' title='bbox 554 418 597 468; x_wconf 89' lang='lat' dir='ltr'><strong>est</strong></span> <span class='ocrx_word' id='word_1_11' title='bbox 613 413 751 483; x_wconf 84' lang='lat' dir='ltr'><strong>producta</strong></span> <span class='ocrx_word' id='word_1_12' title='bbox 767 430 785 466; x_wconf 85' lang='lat' dir='ltr'><strong>a</strong></span> <span class='ocrx_word' id='word_1_13' title='bbox 802 413 938 469; x_wconf 77' lang='lat' dir='ltr'>mittente.</span> 
     </span>
     <span class='ocr_line' id='line_1_3' title="bbox 68 480 937 552; baseline 0.001 -17"><span class='ocrx_word' id='word_1_14' title='bbox 68 480 197 552; x_wconf 70' lang='lat' dir='ltr'><strong>lupinus</strong></span> <span class='ocrx_word' id='word_1_15' title='bbox 219 485 334 536; x_wconf 91' lang='lat' dir='ltr'><strong>sanctus</strong></span> <span class='ocrx_word' id='word_1_16' title='bbox 352 499 369 536; x_wconf 92' lang='lat' dir='ltr'><strong>a</strong></span> <span class='ocrx_word' id='word_1_17' title='bbox 385 480 465 536; x_wconf 76' lang='lat' dir='ltr'><strong>Filio.</strong></span> <span class='ocrx_word' id='word_1_18' title='bbox 500 480 533 535; x_wconf 85' lang='lat' dir='ltr'><strong>E.</strong></span> <span class='ocrx_word' id='word_1_19' title='bbox 554 498 605 552; x_wconf 89' lang='lat' dir='ltr'><strong>per</strong></span> <span class='ocrx_word' id='word_1_20' title='bbox 628 487 768 536; x_wconf 86' lang='lat' dir='ltr'><strong>aeternam</strong></span> <span class='ocrx_word' id='word_1_21' title='bbox 786 482 937 551; x_wconf 86' lang='lat' dir='ltr'><strong>processio·</strong></span> 
     </span>
     <span class='ocr_line' id='line_1_4' title="bbox 68 550 937 633; baseline 0.005 -30"><span class='ocrx_word' id='word_1_22' title='bbox 68 566 108 607; x_wconf 73' lang='lat' dir='ltr'><strong>rau</strong></span> <span class='ocrx_word' id='word_1_23' title='bbox 131 552 181 607; x_wconf 79' lang='lat' dir='ltr'><strong>Nil</strong></span> <span class='ocrx_word' id='word_1_24' title='bbox 197 550 245 605; x_wconf 87' lang='lat' dir='ltr'><strong>hic</strong></span> <span class='ocrx_word' id='word_1_25' title='bbox 264 552 362 618; x_wconf 66' lang='lat' dir='ltr'><strong>amat,</strong></span> <span class='ocrx_word' id='word_1_26' title='bbox 381 550 456 622; x_wconf 87' lang='lat' dir='ltr'><strong>quod</strong></span> <span class='ocrx_word' id='word_1_27' title='bbox 467 550 561 605; x_wconf 89' lang='lat' dir='ltr'><strong>missio</strong></span> <span class='ocrx_word' id='word_1_28' title='bbox 579 551 839 633; x_wconf 80' lang='lat' dir='ltr'><strong>intemporefacta</strong></span> <span class='ocrx_word' id='word_1_29' title='bbox 869 550 937 607; x_wconf 82' lang='lat' dir='ltr'><strong>vid.</strong></span> 
     </span>
     <span class='ocr_line' id='line_1_5' title="bbox 68 618 938 701; baseline 0 -27"><span class='ocrx_word' id='word_1_30' title='bbox 68 618 130 674; x_wconf 74' lang='lat' dir='ltr'><strong>usa</strong></span> <span class='ocrx_word' id='word_1_31' title='bbox 151 628 172 676; x_wconf 87' lang='lat'><strong>1.</strong></span> <span class='ocrx_word' id='word_1_32' title='bbox 199 636 226 701; x_wconf 81' lang='lat' dir='ltr'><strong>q.</strong></span> <span class='ocrx_word' id='word_1_33' title='bbox 244 625 285 676; x_wconf 76' lang='lat'><strong>42.</strong></span> <span class='ocrx_word' id='word_1_34' title='bbox 309 625 360 673; x_wconf 79' lang='lat' dir='ltr'><strong>art.</strong></span> <span class='ocrx_word' id='word_1_35' title='bbox 380 624 406 673; x_wconf 79' lang='lat'><strong>2.-</strong></span> <span class='ocrx_word' id='word_1_36' title='bbox 426 619 463 673; x_wconf 87' lang='lat' dir='ltr'><strong>ad</strong></span> <span class='ocrx_word' id='word_1_37' title='bbox 480 625 505 674; x_wconf 84' lang='lat'><strong>2.</strong></span> <span class='ocrx_word' id='word_1_38' title='bbox 544 619 624 674; x_wconf 91' lang='lat' dir='ltr'><strong>Haec</strong></span> <span class='ocrx_word' id='word_1_39' title='bbox 647 636 720 674; x_wconf 90' lang='lat' dir='ltr'><strong>emm</strong></span> <span class='ocrx_word' id='word_1_40' title='bbox 739 618 938 689; x_wconf 79' lang='lat' dir='ltr'><strong>praesupponit</strong></span> 
     </span>
     <span class='ocr_line' id='line_1_6' title="bbox 68 688 937 757; baseline -0.001 -14"><span class='ocrx_word' id='word_1_41' title='bbox 68 692 168 743; x_wconf 75' lang='lat' dir='ltr'><strong>aunan</strong></span> <span class='ocrx_word' id='word_1_42' title='bbox 212 688 357 743; x_wconf 80' lang='lat' dir='ltr'><strong>nationem</strong></span> <span class='ocrx_word' id='word_1_43' title='bbox 370 693 398 742; x_wconf 88' lang='lat' dir='ltr'><strong>et</strong></span> <span class='ocrx_word' id='word_1_44' title='bbox 410 694 452 743; x_wconf 88' lang='lat' dir='ltr'><strong>est</strong></span> <span class='ocrx_word' id='word_1_45' title='bbox 464 688 650 743; x_wconf 87' lang='lat' dir='ltr'><strong>manifestatio</strong></span> <span class='ocrx_word' id='word_1_46' title='bbox 658 688 841 757; x_wconf 75' lang='lat' dir='ltr'><strong>processionis</strong></span> <span class='ocrx_word' id='word_1_47' title='bbox 849 694 937 743; x_wconf 88' lang='lat' dir='ltr'><strong>aeter·</strong></span> 
     </span>
     <span class='ocr_line' id='line_1_7' title="bbox 68 706 937 838; baseline -0.001 -27"><span class='ocrx_word' id='word_1_48' title='bbox 68 770 102 837; x_wconf 67' lang='lat' dir='ltr'><strong>ps.</strong></span> <span class='ocrx_word' id='word_1_49' title='bbox 127 706 249 812; x_wconf 66' lang='lat' dir='ltr'><strong>auiis.</strong></span> <span class='ocrx_word' id='word_1_50' title='bbox 267 756 343 829; x_wconf 90' lang='lat' dir='ltr'><strong>quod</strong></span> <span class='ocrx_word' id='word_1_51' title='bbox 361 761 390 810; x_wconf 90' lang='lat' dir='ltr'><strong>et</strong></span> <span class='ocrx_word' id='word_1_52' title='bbox 405 757 496 838; x_wconf 69' lang='lat' dir='ltr'><strong>Filius</strong></span> <span class='ocrx_word' id='word_1_53' title='bbox 511 773 528 810; x_wconf 89' lang='lat' dir='ltr'><strong>a</strong></span> <span class='ocrx_word' id='word_1_54' title='bbox 543 756 648 826; x_wconf 87' lang='lat' dir='ltr'><strong>Spiritu</strong></span> <span class='ocrx_word' id='word_1_55' title='bbox 665 762 761 811; x_wconf 89' lang='lat' dir='ltr'><strong>sancto</strong></span> <span class='ocrx_word' id='word_1_56' title='bbox 781 756 880 811; x_wconf 90' lang='lat' dir='ltr'><strong>missus</strong></span> <span class='ocrx_word' id='word_1_57' title='bbox 897 756 937 810; x_wconf 92' lang='lat' dir='ltr'><strong>di-</strong></span> 
     </span>
     <span class='ocr_line' id='line_1_8' title="bbox 68 824 938 895; baseline 0.002 -16"><span class='ocrx_word' id='word_1_58' title='bbox 68 828 120 895; x_wconf 78' lang='lat' dir='ltr'><strong>rur,</strong></span> <span class='ocrx_word' id='word_1_59' title='bbox 144 828 194 881; x_wconf 85' lang='lat' dir='ltr'><strong>Es.</strong></span> <span class='ocrx_word' id='word_1_60' title='bbox 212 829 255 895; x_wconf 76' lang='grc'><strong>48,</strong></span> <span class='ocrx_word' id='word_1_61' title='bbox 274 829 317 881; x_wconf 80' lang='grc'><strong>16.</strong></span> <span class='ocrx_word' id='word_1_62' title='bbox 353 827 435 879; x_wconf 85' lang='lat' dir='ltr'><strong>Idem</strong></span> <span class='ocrx_word' id='word_1_63' title='bbox 458 824 525 881; x_wconf 86' lang='lat' dir='ltr'><strong>rbrd.</strong></span> <span class='ocrx_word' id='word_1_64' title='bbox 548 825 626 881; x_wconf 88' lang='lat' dir='ltr'><strong>artic.</strong></span> <span class='ocrx_word' id='word_1_65' title='bbox 647 830 671 881; x_wconf 84' lang='lat'><strong>8.</strong></span> <span class='ocrx_word' id='word_1_66' title='bbox 714 826 762 880; x_wconf 82' lang='lat' dir='ltr'><strong>Fit</strong></span> <span class='ocrx_word' id='word_1_67' title='bbox 787 825 860 880; x_wconf 91' lang='lat' dir='ltr'><strong>enim</strong></span> <span class='ocrx_word' id='word_1_68' title='bbox 884 825 938 881; x_wconf 88' lang='lat' dir='ltr'><strong>hoc</strong></span> 
     </span>
     <span class='ocr_line' id='line_1_9' title="bbox 68 893 938 964; baseline 0 -15"><span class='ocrx_word' id='word_1_69' title='bbox 68 901 142 963; x_wconf 83' lang='lat' dir='ltr'><strong>raptu·</strong></span> <span class='ocrx_word' id='word_1_70' title='bbox 160 895 311 949; x_wconf 77' lang='lat' dir='ltr'><strong>humanam</strong></span> <span class='ocrx_word' id='word_1_71' title='bbox 335 902 478 962; x_wconf 74' lang='lat' dir='ltr'><strong>neutram,</strong></span> <span class='ocrx_word' id='word_1_72' title='bbox 499 895 582 964; x_wconf 87' lang='lat' dir='ltr'><strong>juxta</strong></span> <span class='ocrx_word' id='word_1_73' title='bbox 600 909 683 964; x_wconf 84' lang='lat' dir='ltr'><strong>quam</strong></span> <span class='ocrx_word' id='word_1_74' title='bbox 701 893 738 947; x_wconf 88' lang='lat' dir='ltr'><strong>ad</strong></span> <span class='ocrx_word' id='word_1_75' title='bbox 756 893 879 949; x_wconf 82' lang='lat' dir='ltr'><strong>officium</strong></span> <span class='ocrx_word' id='word_1_76' title='bbox 895 910 938 949; x_wconf 89' lang='lat' dir='ltr'><strong>re·</strong></span> 
     </span>
     <span class='ocr_line' id='line_1_10' title="bbox 68 960 939 1032; baseline 0 -15"><span class='ocrx_word' id='word_1_77' title='bbox 68 960 174 1018; x_wconf 63' lang='lat' dir='ltr'><strong>tutionis</strong></span> <span class='ocrx_word' id='word_1_78' title='bbox 197 963 299 1018; x_wconf 90' lang='lat' dir='ltr'><strong>missus</strong></span> <span class='ocrx_word' id='word_1_79' title='bbox 323 969 373 1018; x_wconf 81' lang='lat' dir='ltr'><strong>est.</strong></span> <span class='ocrx_word' id='word_1_80' title='bbox 407 962 491 1017; x_wconf 87' lang='lat' dir='ltr'><strong>Ratio</strong></span> <span class='ocrx_word' id='word_1_81' title='bbox 516 968 539 1017; x_wconf 91' lang='lat'><strong>3.</strong></span> <span class='ocrx_word' id='word_1_82' title='bbox 558 962 685 1032; x_wconf 80' lang='lat' dir='ltr'><strong>procedit</strong></span> <span class='ocrx_word' id='word_1_83' title='bbox 703 978 722 1016; x_wconf 90' lang='lat' dir='ltr'><strong>a</strong></span> <span class='ocrx_word' id='word_1_84' title='bbox 739 968 798 1017; x_wconf 94' lang='lat' dir='ltr'><strong>toto</strong></span> <span class='ocrx_word' id='word_1_85' title='bbox 815 964 851 1016; x_wconf 89' lang='lat' dir='ltr'><strong>ad</strong></span> <span class='ocrx_word' id='word_1_86' title='bbox 869 963 939 1017; x_wconf 85' lang='lat' dir='ltr'><strong>info-</strong></span> 
     </span>
     <span class='ocr_line' id='line_1_11' title="bbox 68 1030 937 1103; baseline 0.002 -18"><span class='ocrx_word' id='word_1_87' title='bbox 68 1030 132 1085; x_wconf 82' lang='lat' dir='ltr'><strong>andes</strong></span> <span class='ocrx_word' id='word_1_88' title='bbox 145 1038 253 1103; x_wconf 75' lang='lat' dir='ltr'><strong>partes3</strong></span> <span class='ocrx_word' id='word_1_89' title='bbox 277 1031 401 1102; x_wconf 85' lang='lat' dir='ltr'><strong>intellige</strong></span> <span class='ocrx_word' id='word_1_90' title='bbox 427 1038 520 1085; x_wconf 86' lang='lat' dir='ltr'><strong>autem</strong></span> <span class='ocrx_word' id='word_1_91' title='bbox 537 1031 572 1086; x_wconf 90' lang='lat' dir='ltr'><strong>de</strong></span> <span class='ocrx_word' id='word_1_92' title='bbox 589 1030 637 1096; x_wconf 82' lang='lat' dir='ltr'><strong>iis,</strong></span> <span class='ocrx_word' id='word_1_93' title='bbox 662 1048 733 1101; x_wconf 90' lang='lat' dir='ltr'><strong>quae</strong></span> <span class='ocrx_word' id='word_1_94' title='bbox 750 1032 835 1085; x_wconf 86' lang='lat' dir='ltr'><strong>Pater</strong></span> <span class='ocrx_word' id='word_1_95' title='bbox 850 1030 937 1087; x_wconf 89' lang='lat' dir='ltr'><strong>habet</strong></span> 
     </span>
     <span class='ocr_line' id='line_1_12' title="bbox 68 1099 936 1170; baseline 0.003 -17"><span class='ocrx_word' id='word_1_96' title='bbox 68 1102 243 1156; x_wconf 56' lang='lat' dir='ltr'><strong>cosentiam</strong></span> <span class='ocrx_word' id='word_1_97' title='bbox 261 1100 320 1155; x_wconf 88' lang='lat' dir='ltr'><strong>sive</strong></span> <span class='ocrx_word' id='word_1_98' title='bbox 340 1100 531 1168; x_wconf 84' lang='lat' dir='ltr'><strong>essentialiter,</strong></span> <span class='ocrx_word' id='word_1_99' title='bbox 550 1100 647 1155; x_wconf 86' lang='lat' dir='ltr'><strong>eadem</strong></span> <span class='ocrx_word' id='word_1_100' title='bbox 670 1116 781 1170; x_wconf 90' lang='lat' dir='ltr'><strong>quoque</strong></span> <span class='ocrx_word' id='word_1_101' title='bbox 792 1099 856 1154; x_wconf 82' lang='lat' dir='ltr'><strong>Filii</strong></span> <span class='ocrx_word' id='word_1_102' title='bbox 870 1117 936 1156; x_wconf 80' lang='lat' dir='ltr'><strong>esse</strong></span> 
     </span>
     <span class='ocr_line' id='line_1_13' title="bbox 68 1164 939 1249; baseline 0.001 -27"><span class='ocrx_word' id='word_1_103' title='bbox 68 1164 105 1223; x_wconf 76' lang='lat' dir='ltr'><strong>ru</strong></span> <span class='ocrx_word' id='word_1_104' title='bbox 121 1168 258 1226; x_wconf 65' lang='lat' dir='ltr'><strong>(lariani.</strong></span> <span class='ocrx_word' id='word_1_105' title='bbox 275 1176 294 1224; x_wconf 82' lang='lat' dir='ltr'><strong>t.</strong></span> <span class='ocrx_word' id='word_1_106' title='bbox 309 1174 332 1225; x_wconf 84' lang='grc'><strong>3.</strong></span> <span class='ocrx_word' id='word_1_107' title='bbox 349 1168 473 1223; x_wconf 87' lang='lat' dir='ltr'><strong>harmon.</strong></span> <span class='ocrx_word' id='word_1_108' title='bbox 486 1185 583 1239; x_wconf 84' lang='lat' dir='ltr'><strong>evang.</strong></span> <span class='ocrx_word' id='word_1_109' title='bbox 594 1186 623 1249; x_wconf 89' lang='lat' dir='ltr'><strong>p.</strong></span> <span class='ocrx_word' id='word_1_110' title='bbox 641 1173 705 1223; x_wconf 82' lang='lat'>1132</span> <span class='ocrx_word' id='word_1_111' title='bbox 720 1185 797 1240; x_wconf 88' lang='lat' dir='ltr'><strong>seqq.</strong></span> <span class='ocrx_word' id='word_1_112' title='bbox 826 1171 939 1223; x_wconf 75' lang='lat' dir='ltr'><strong>Errant</strong></span> 
     </span>
     <span class='ocr_line' id='line_1_14' title="bbox 68 1234 937 1308; baseline -0.001 -15"><span class='ocrx_word' id='word_1_113' title='bbox 68 1234 121 1307; x_wconf 66' lang='lat' dir='ltr'><strong>phu</strong></span> <span class='ocrx_word' id='word_1_114' title='bbox 146 1239 298 1293; x_wconf 77' lang='lat' dir='ltr'><strong>orientales</strong></span> <span class='ocrx_word' id='word_1_115' title='bbox 323 1239 435 1306; x_wconf 74' lang='lat' dir='ltr'><strong>praeci,</strong></span> <span class='ocrx_word' id='word_1_116' title='bbox 480 1238 510 1291; x_wconf 94' lang='lat' dir='ltr'><strong>ui</strong></span> <span class='ocrx_word' id='word_1_117' title='bbox 529 1236 662 1308; x_wconf 85' lang='lat' dir='ltr'><strong>Spintum</strong></span> <span class='ocrx_word' id='word_1_118' title='bbox 683 1245 810 1292; x_wconf 89' lang='lat' dir='ltr'><strong>sanctum</strong></span> <span class='ocrx_word' id='word_1_119' title='bbox 829 1242 937 1292; x_wconf 85' lang='lat' dir='ltr'><strong>tantum</strong></span> 
     </span>
     <span class='ocr_line' id='line_1_15' title="bbox 68 1256 937 1376; baseline -0.003 -13"><span class='ocrx_word' id='word_1_120' title='bbox 68 1302 141 1363; x_wconf 74' lang='lat' dir='ltr'><strong>tl’ttre</strong></span> <span class='ocrx_word' id='word_1_121' title='bbox 157 1313 185 1364; x_wconf 87' lang='lat' dir='ltr'><strong>et</strong></span> <span class='ocrx_word' id='word_1_122' title='bbox 201 1324 257 1362; x_wconf 91' lang='lat' dir='ltr'><strong>non</strong></span> <span class='ocrx_word' id='word_1_123' title='bbox 267 1324 286 1361; x_wconf 91' lang='lat' dir='ltr'><strong>a</strong></span> <span class='ocrx_word' id='word_1_124' title='bbox 295 1307 367 1361; x_wconf 78' lang='lat' dir='ltr'><strong>Filio</strong></span> <span class='ocrx_word' id='word_1_125' title='bbox 380 1256 529 1376; x_wconf 65' lang='lat' dir='ltr'><strong>procelere</strong></span> <span class='ocrx_word' id='word_1_126' title='bbox 542 1306 672 1362; x_wconf 87' lang='lat' dir='ltr'><strong>sentiunt.</strong></span> <span class='ocrx_word' id='word_1_127' title='bbox 694 1305 801 1361; x_wconf 79' lang='lat' dir='ltr'><strong>Coacil.</strong></span> <span class='ocrx_word' id='word_1_128' title='bbox 810 1307 937 1361; x_wconf 63' lang='lat' dir='ltr'><strong>Floreat.</strong></span> 
     </span>
     <span class='ocr_line' id='line_1_16' title="bbox 68 1373 936 1457; baseline -0.001 -27"><span class='ocrx_word' id='word_1_129' title='bbox 68 1388 105 1429; x_wconf 73' lang='lat' dir='ltr'><strong>ua</strong></span> <span class='ocrx_word' id='word_1_130' title='bbox 118 1381 154 1431; x_wconf 77' lang='lat' dir='ltr'><strong>tt.</strong></span> <span class='ocrx_word' id='word_1_131' title='bbox 170 1377 226 1431; x_wconf 82' lang='lat' dir='ltr'><strong>vol</strong></span> <span class='ocrx_word' id='word_1_132' title='bbox 244 1383 269 1431; x_wconf 82' lang='lat'><strong>4.</strong></span> <span class='ocrx_word' id='word_1_133' title='bbox 282 1392 351 1457; x_wconf 83' lang='lat' dir='ltr'><strong>pag.</strong></span> <span class='ocrx_word' id='word_1_134' title='bbox 371 1381 430 1431; x_wconf 75' lang='grc'><strong>835.</strong></span> <span class='ocrx_word' id='word_1_135' title='bbox 465 1373 549 1428; x_wconf 75' lang='lat' dir='ltr'><strong>Nihil</strong></span> <span class='ocrx_word' id='word_1_136' title='bbox 567 1375 671 1440; x_wconf 74' lang='lat' dir='ltr'><strong>obstat,</strong></span> <span class='ocrx_word' id='word_1_137' title='bbox 697 1374 772 1445; x_wconf 91' lang='lat' dir='ltr'><strong>quod</strong></span> <span class='ocrx_word' id='word_1_138' title='bbox 791 1374 936 1443; x_wconf 85' lang='lat' dir='ltr'><strong>Maximus,</strong></span> 
     </span>
     <span class='ocr_line' id='line_1_17' title="bbox 68 1438 938 1515; baseline 0 -16"><span class='ocrx_word' id='word_1_139' title='bbox 68 1438 178 1499; x_wconf 73' lang='lat' dir='ltr'><strong>tamtus</strong></span> <span class='ocrx_word' id='word_1_140' title='bbox 197 1451 227 1501; x_wconf 91' lang='lat' dir='ltr'><strong>ct</strong></span> <span class='ocrx_word' id='word_1_141' title='bbox 243 1444 291 1499; x_wconf 84' lang='lat' dir='ltr'><strong>alir</strong></span> <span class='ocrx_word' id='word_1_142' title='bbox 307 1460 341 1499; x_wconf 85' lang='lat' dir='ltr'><strong>ex</strong></span> <span class='ocrx_word' id='word_1_143' title='bbox 358 1443 466 1515; x_wconf 80' lang='lat' dir='ltr'><strong>graecis</strong></span> <span class='ocrx_word' id='word_1_144' title='bbox 478 1442 636 1498; x_wconf 85' lang='lat' dir='ltr'><strong>doctoribus</strong></span> <span class='ocrx_word' id='word_1_145' title='bbox 650 1443 786 1512; x_wconf 87' lang='lat' dir='ltr'><strong>dixerunt,</strong></span> <span class='ocrx_word' id='word_1_146' title='bbox 805 1443 938 1513; x_wconf 85' lang='lat' dir='ltr'><strong>Spiritum</strong></span> 
     </span>
     <span class='ocr_line' id='line_1_18' title="bbox 68 1511 937 1585; baseline 0.002 -18"><span class='ocrx_word' id='word_1_147' title='bbox 68 1518 156 1567; x_wconf 73' lang='lat' dir='ltr'><strong>neum</strong></span> <span class='ocrx_word' id='word_1_148' title='bbox 177 1514 326 1585; x_wconf 82' lang='lat' dir='ltr'><strong>procedere</strong></span> <span class='ocrx_word' id='word_1_149' title='bbox 353 1529 371 1566; x_wconf 89' lang='lat' dir='ltr'><strong>a</strong></span> <span class='ocrx_word' id='word_1_150' title='bbox 395 1513 479 1567; x_wconf 86' lang='lat' dir='ltr'><strong>Patre</strong></span> <span class='ocrx_word' id='word_1_151' title='bbox 503 1529 554 1582; x_wconf 89' lang='lat' dir='ltr'><strong>per</strong></span> <span class='ocrx_word' id='word_1_152' title='bbox 577 1511 691 1579; x_wconf 82' lang='lat' dir='ltr'><strong>Filium,</strong></span> <span class='ocrx_word' id='word_1_153' title='bbox 717 1512 787 1566; x_wconf 81' lang='lat' dir='ltr'><strong>ibid.</strong></span> <span class='ocrx_word' id='word_1_154' title='bbox 805 1519 870 1567; x_wconf 88' lang='lat' dir='ltr'><strong>sect.</strong></span> <span class='ocrx_word' id='word_1_155' title='bbox 886 1512 937 1569; x_wconf 92' lang='lat' dir='ltr'><strong>ult.</strong></span> 
     </span>
     <span class='ocr_line' id='line_1_19' title="bbox 68 1580 938 1651; baseline 0.001 -16"><span class='ocrx_word' id='word_1_156' title='bbox 68 1595 77 1635; x_wconf 76' lang='lat' dir='ltr'><strong>t.</strong></span> <span class='ocrx_word' id='word_1_157' title='bbox 90 1584 135 1637; x_wconf 84' lang='lat' dir='ltr'><strong>ur.</strong></span> <span class='ocrx_word' id='word_1_158' title='bbox 153 1588 211 1638; x_wconf 83' lang='grc'><strong>874.</strong></span> <span class='ocrx_word' id='word_1_159' title='bbox 246 1581 294 1636; x_wconf 82' lang='lat' dir='ltr'><strong>Fit</strong></span> <span class='ocrx_word' id='word_1_160' title='bbox 310 1581 384 1636; x_wconf 89' lang='lat' dir='ltr'><strong>enim</strong></span> <span class='ocrx_word' id='word_1_161' title='bbox 400 1580 453 1635; x_wconf 92' lang='lat' dir='ltr'><strong>hoc</strong></span> <span class='ocrx_word' id='word_1_162' title='bbox 470 1586 580 1634; x_wconf 91' lang='lat' dir='ltr'><strong>tantum</strong></span> <span class='ocrx_word' id='word_1_163' title='bbox 597 1580 704 1634; x_wconf 87' lang='lat' dir='ltr'><strong>ratione</strong></span> <span class='ocrx_word' id='word_1_164' title='bbox 722 1581 826 1635; x_wconf 87' lang='lat' dir='ltr'><strong>ordinis</strong></span> <span class='ocrx_word' id='word_1_165' title='bbox 843 1598 938 1651; x_wconf 90' lang='lat' dir='ltr'><strong>perso·</strong></span> 
     </span>
     <span class='ocr_line' id='line_1_20' title="bbox 68 1648 938 1731; baseline -0.001 -26"><span class='ocrx_word' id='word_1_166' title='bbox 68 1664 135 1705; x_wconf 71' lang='lat' dir='ltr'><strong>arum</strong></span> <span class='ocrx_word' id='word_1_167' title='bbox 168 1651 198 1704; x_wconf 88' lang='lat' dir='ltr'>A</span> <span class='ocrx_word' id='word_1_168' title='bbox 214 1650 298 1706; x_wconf 86' lang='lat' dir='ltr'><strong>Patre</strong></span> <span class='ocrx_word' id='word_1_169' title='bbox 316 1649 389 1705; x_wconf 87' lang='lat' dir='ltr'><strong>enim</strong></span> <span class='ocrx_word' id='word_1_170' title='bbox 407 1655 436 1704; x_wconf 89' lang='lat' dir='ltr'><strong>et</strong></span> <span class='ocrx_word' id='word_1_171' title='bbox 452 1649 539 1703; x_wconf 82' lang='lat' dir='ltr'><strong>Filius</strong></span> <span class='ocrx_word' id='word_1_172' title='bbox 559 1648 653 1717; x_wconf 88' lang='lat' dir='ltr'><strong>habet,</strong></span> <span class='ocrx_word' id='word_1_173' title='bbox 670 1655 702 1702; x_wconf 92' lang='lat' dir='ltr'><strong>ut</strong></span> <span class='ocrx_word' id='word_1_174' title='bbox 719 1649 833 1720; x_wconf 84' lang='lat' dir='ltr'><strong>abipso</strong></span> <span class='ocrx_word' id='word_1_175' title='bbox 851 1650 938 1731; x_wconf 90' lang='lat' dir='ltr'><strong>Spiri-</strong></span> 
     </span>
     <span class='ocr_line' id='line_1_21' title="bbox 68 1717 938 1790; baseline 0.006 -21"><span class='ocrx_word' id='word_1_176' title='bbox 68 1724 202 1774; x_wconf 85' lang='lat' dir='ltr'><strong>ussnctus</strong></span> <span class='ocrx_word' id='word_1_177' title='bbox 219 1718 361 1790; x_wconf 82' lang='lat' dir='ltr'><strong>procedat</strong></span> <span class='ocrx_word' id='word_1_178' title='bbox 396 1717 512 1773; x_wconf 86' lang='lat' dir='ltr'><strong>Interim</strong></span> <span class='ocrx_word' id='word_1_179' title='bbox 536 1735 593 1772; x_wconf 87' lang='lat' dir='ltr'><strong>una</strong></span> <span class='ocrx_word' id='word_1_180' title='bbox 608 1724 650 1772; x_wconf 89' lang='lat' dir='ltr'><strong>est</strong></span> <span class='ocrx_word' id='word_1_181' title='bbox 666 1718 782 1787; x_wconf 87' lang='lat' dir='ltr'><strong>spiratio</strong></span> <span class='ocrx_word' id='word_1_182' title='bbox 799 1718 892 1773; x_wconf 86' lang='lat' dir='ltr'><strong>Patns</strong></span> <span class='ocrx_word' id='word_1_183' title='bbox 910 1725 938 1774; x_wconf 88' lang='lat' dir='ltr'><strong>et</strong></span> 
     </span>
     <span class='ocr_line' id='line_1_22' title="bbox 68 1781 938 1857; baseline 0.002 -18"><span class='ocrx_word' id='word_1_184' title='bbox 68 1781 110 1852; x_wconf 79' lang='lat' dir='ltr'><strong>tti,</strong></span> <span class='ocrx_word' id='word_1_185' title='bbox 123 1796 148 1843; x_wconf 87' lang='lat' dir='ltr'><strong>et</strong></span> <span class='ocrx_word' id='word_1_186' title='bbox 163 1805 221 1843; x_wconf 87' lang='lat' dir='ltr'><strong>una</strong></span> <span class='ocrx_word' id='word_1_187' title='bbox 252 1788 372 1843; x_wconf 89' lang='lat' dir='ltr'><strong>rocessio</strong></span> <span class='ocrx_word' id='word_1_188' title='bbox 384 1788 420 1842; x_wconf 90' lang='lat' dir='ltr'><strong>ab</strong></span> <span class='ocrx_word' id='word_1_189' title='bbox 431 1792 494 1842; x_wconf 89' lang='lat' dir='ltr'><strong>utro</strong></span> <span class='ocrx_word' id='word_1_190' title='bbox 514 1804 558 1843; x_wconf 91' lang='lat' dir='ltr'><strong>ue.</strong></span> <span class='ocrx_word' id='word_1_191' title='bbox 590 1786 703 1856; x_wconf 86' lang='lat' dir='ltr'><strong>Duplex</strong></span> <span class='ocrx_word' id='word_1_192' title='bbox 715 1787 788 1842; x_wconf 91' lang='lat' dir='ltr'><strong>enim</strong></span> <span class='ocrx_word' id='word_1_193' title='bbox 799 1787 938 1857; x_wconf 88' lang='lat' dir='ltr'><strong>processio</strong></span> 
     </span>
     <span class='ocr_line' id='line_1_23' title="bbox 68 1806 939 1938; baseline -0.001 -28"><span class='ocrx_word' id='word_1_194' title='bbox 68 1848 168 1923; x_wconf 79' lang='lat' dir='ltr'><strong>ltplioem</strong></span> <span class='ocrx_word' id='word_1_195' title='bbox 191 1806 275 1912; x_wconf 69' lang='lat' dir='ltr'><strong>inipert</strong></span> <span class='ocrx_word' id='word_1_196' title='bbox 291 1857 430 1938; x_wconf 77' lang='lat' dir='ltr'><strong>spiritum·</strong></span> <span class='ocrx_word' id='word_1_197' title='bbox 503 1855 556 1908; x_wconf 80' lang='lat' dir='ltr'><strong>atil</strong></span> <span class='ocrx_word' id='word_1_198' title='bbox 575 1857 664 1910; x_wconf 81' lang='lat' dir='ltr'><strong>obstat</strong></span> <span class='ocrx_word' id='word_1_199' title='bbox 681 1861 705 1912; x_wconf 81' lang='lat'><strong>2.</strong></span> <span class='ocrx_word' id='word_1_200' title='bbox 744 1856 800 1910; x_wconf 92' lang='lat' dir='ltr'><strong>uod</strong></span> <span class='ocrx_word' id='word_1_201' title='bbox 819 1872 875 1909; x_wconf 90' lang='lat' dir='ltr'><strong>non</strong></span> <span class='ocrx_word' id='word_1_202' title='bbox 893 1872 939 1910; x_wconf 86' lang='lat' dir='ltr'><strong>ex·</strong></span> 
     </span>
    </p>
   </div>
   <div class='ocr_carea' id='block_1_3' title="bbox 68 1874 938 2048">
    <p class='ocr_par' dir='ltr' id='par_1_3' title="bbox 68 1874 938 2048">
     <span class='ocr_line' id='line_1_24' title="bbox 68 1874 938 2048; baseline -0.001 -67"><span class='ocrx_word' id='word_1_203' title='bbox 68 1936 125 1981; x_wconf 67' lang='lat' dir='ltr'><strong>me</strong></span> <span class='ocrx_word' id='word_1_204' title='bbox 140 1918 241 1981; x_wconf 85' lang='lat' dir='ltr'><strong>dicitur</strong></span> <span class='ocrx_word' id='word_1_205' title='bbox 259 1926 378 2048; x_wconf 79' lang='lat' dir='ltr'><strong>Spururs</strong></span> <span class='ocrx_word' id='word_1_206' title='bbox 394 1930 507 1980; x_wconf 88' lang='lat' dir='ltr'><strong>sanctus</strong></span> <span class='ocrx_word' id='word_1_207' title='bbox 526 1923 627 1978; x_wconf 82' lang='lat' dir='ltr'><strong>aFilio</strong></span> <span class='ocrx_word' id='word_1_208' title='bbox 644 1874 801 1992; x_wconf 72' lang='lat' dir='ltr'><strong>pressiore.</strong></span> <span class='ocrx_word' id='word_1_209' title='bbox 831 1923 938 1981; x_wconf 79' lang='lat' dir='ltr'><strong>Concil.</strong></span> 
     </span>
    </p>
   </div>
   <div class='ocr_carea' id='block_1_4' title="bbox 68 1988 939 2339">
    <p class='ocr_par' dir='ltr' id='par_1_4' title="bbox 68 1988 939 2339">
     <span class='ocr_line' id='line_1_25' title="bbox 68 1988 938 2066; baseline 0.002 -21"><span class='ocrx_word' id='word_1_210' title='bbox 68 1988 156 2049; x_wconf 70' lang='lat' dir='ltr'><strong>llaec.</strong></span> <span class='ocrx_word' id='word_1_211' title='bbox 171 1994 256 2066; x_wconf 82' lang='lat' dir='ltr'><strong>alleg.</strong></span> <span class='ocrx_word' id='word_1_212' title='bbox 289 2010 330 2050; x_wconf 90' lang='lat' dir='ltr'><strong>oc.</strong></span> <span class='ocrx_word' id='word_1_213' title='bbox 365 1994 425 2051; x_wconf 88' lang='lat' dir='ltr'><strong>Noc</strong></span> <span class='ocrx_word' id='word_1_214' title='bbox 448 1993 563 2048; x_wconf 89' lang='lat' dir='ltr'><strong>totidem</strong></span> <span class='ocrx_word' id='word_1_215' title='bbox 586 1992 702 2063; x_wconf 88' lang='lat' dir='ltr'><strong>syllabis</strong></span> <span class='ocrx_word' id='word_1_216' title='bbox 725 1992 839 2060; x_wconf 89' lang='lat' dir='ltr'><strong>dicitur,</strong></span> <span class='ocrx_word' id='word_1_217' title='bbox 863 1993 938 2063; x_wconf 91' lang='lat' dir='ltr'><strong>quod</strong></span> 
     </span>
     <span class='ocr_line' id='line_1_26' title="bbox 68 2061 938 2134; baseline 0.003 -21"><span class='ocrx_word' id='word_1_218' title='bbox 68 2063 129 2116; x_wconf 67' lang='grc' dir='ltr'><strong><em>,σοῖο</em></strong></span> <span class='ocrx_word' id='word_1_219' title='bbox 144 2062 231 2120; x_wconf 84' lang='lat' dir='ltr'><strong>Patre</strong></span> <span class='ocrx_word' id='word_1_220' title='bbox 246 2064 387 2134; x_wconf 89' lang='lat' dir='ltr'><strong>procedat.</strong></span> <span class='ocrx_word' id='word_1_221' title='bbox 425 2068 454 2119; x_wconf 81' lang='grc'><strong>2.-</strong></span> <span class='ocrx_word' id='word_1_222' title='bbox 470 2061 580 2116; x_wconf 91' lang='lat' dir='ltr'><strong>Dicitur</strong></span> <span class='ocrx_word' id='word_1_223' title='bbox 600 2062 693 2131; x_wconf 89' lang='lat' dir='ltr'><strong>quoad</strong></span> <span class='ocrx_word' id='word_1_224' title='bbox 709 2079 781 2125; x_wconf 83' lang='lat' dir='ltr'><strong>rem,</strong></span> <span class='ocrx_word' id='word_1_225' title='bbox 800 2061 866 2116; x_wconf 88' lang='lat' dir='ltr'><strong>licet</strong></span> <span class='ocrx_word' id='word_1_226' title='bbox 882 2079 938 2116; x_wconf 91' lang='lat' dir='ltr'><strong>non</strong></span> 
     </span>
     <span class='ocr_line' id='line_1_27' title="bbox 68 2129 939 2201; baseline 0 -16"><span class='ocrx_word' id='word_1_227' title='bbox 68 2130 125 2195; x_wconf 72' lang='lat' dir='ltr'><strong>titud</strong></span> <span class='ocrx_word' id='word_1_228' title='bbox 139 2132 233 2188; x_wconf 80' lang='lat' dir='ltr'><strong>verba.</strong></span> <span class='ocrx_word' id='word_1_229' title='bbox 265 2132 361 2189; x_wconf 91' lang='lat' dir='ltr'><strong>Unum</strong></span> <span class='ocrx_word' id='word_1_230' title='bbox 378 2132 424 2186; x_wconf 93' lang='lat' dir='ltr'><strong>hic</strong></span> <span class='ocrx_word' id='word_1_231' title='bbox 443 2139 527 2184; x_wconf 79' lang='lat' dir='ltr'><strong>rota:</strong></span> <span class='ocrx_word' id='word_1_232' title='bbox 547 2130 686 2201; x_wconf 88' lang='lat' dir='ltr'><strong>processio</strong></span> <span class='ocrx_word' id='word_1_233' title='bbox 703 2129 735 2184; x_wconf 90' lang='lat' dir='ltr'><strong>fit</strong></span> <span class='ocrx_word' id='word_1_234' title='bbox 747 2130 828 2184; x_wconf 92' lang='lat' dir='ltr'><strong>modo</strong></span> <span class='ocrx_word' id='word_1_235' title='bbox 842 2129 939 2185; x_wconf 85' lang='lat' dir='ltr'><strong>ineffa-</strong></span> 
     </span>
     <span class='ocr_line' id='line_1_28' title="bbox 68 2192 939 2283; baseline -0.001 -28"><span class='ocrx_word' id='word_1_236' title='bbox 68 2192 98 2255; x_wconf 57' lang='grc' dir='ltr'><strong>ἦ.</strong></span> <span class='ocrx_word' id='word_1_237' title='bbox 125 2200 155 2255; x_wconf 79' lang='grc' dir='ltr'><strong>Ε.</strong></span> <span class='ocrx_word' id='word_1_238' title='bbox 182 2201 321 2283; x_wconf 80' lang='lat' dir='ltr'><strong>quomodo</strong></span> <span class='ocrx_word' id='word_1_239' title='bbox 342 2199 409 2268; x_wconf 88' lang='lat' dir='ltr'><strong>fiat,</strong></span> <span class='ocrx_word' id='word_1_240' title='bbox 435 2203 560 2254; x_wconf 89' lang='lat' dir='ltr'><strong>nostrum</strong></span> <span class='ocrx_word' id='word_1_241' title='bbox 585 2216 641 2252; x_wconf 90' lang='lat' dir='ltr'><strong>non</strong></span> <span class='ocrx_word' id='word_1_242' title='bbox 666 2204 707 2254; x_wconf 88' lang='lat' dir='ltr'><strong>est</strong></span> <span class='ocrx_word' id='word_1_243' title='bbox 723 2199 825 2253; x_wconf 89' lang='lat' dir='ltr'><strong>rimari.</strong></span> <span class='ocrx_word' id='word_1_244' title='bbox 863 2200 939 2256; x_wconf 89' lang='lat' dir='ltr'><strong>Vide</strong></span> 
     </span>
     <span class='ocr_line' id='line_1_29' title="bbox 68 2267 649 2339; baseline -0.012 -12"><span class='ocrx_word' id='word_1_245' title='bbox 68 2278 118 2335; x_wconf 66' lang='lat' dir='ltr'><strong>*tra</strong></span> <span class='ocrx_word' id='word_1_246' title='bbox 132 2274 233 2326; x_wconf 83' lang='lat' dir='ltr'><strong>testrm.</strong></span> <span class='ocrx_word' id='word_1_247' title='bbox 253 2268 424 2326; x_wconf 79' lang='lat' dir='ltr'><strong>Nazianzeni</strong></span> <span class='ocrx_word' id='word_1_248' title='bbox 441 2273 470 2322; x_wconf 90' lang='lat' dir='ltr'><strong>et</strong></span> <span class='ocrx_word' id='word_1_249' title='bbox 485 2267 649 2339; x_wconf 81' lang='lat' dir='ltr'><strong>Augustin.)</strong></span> 
     </span>
    </p>
   </div>
   <div class='ocr_carea' id='block_1_5' title="bbox 68 2416 940 2508">
    <p class='ocr_par' dir='ltr' id='par_1_5' title="bbox 68 2416 940 2508">
     <span class='ocr_line' id='line_1_30' title="bbox 68 2416 940 2508; baseline -0.001 -22"><span class='ocrx_word' id='word_1_250' title='bbox 68 2416 78 2482; x_wconf 79' lang='lat' dir='ltr'><strong>i</strong></span> <span class='ocrx_word' id='word_1_251' title='bbox 103 2424 161 2489; x_wconf 84' lang='lat' dir='ltr'><strong>Cur</strong></span> <span class='ocrx_word' id='word_1_252' title='bbox 180 2449 252 2490; x_wconf 85' lang='lat' dir='ltr'><strong>vero</strong></span> <span class='ocrx_word' id='word_1_253' title='bbox 277 2420 417 2508; x_wconf 83' lang='lat' dir='ltr'><strong>Spiritus</strong></span> <span class='ocrx_word' id='word_1_254' title='bbox 438 2435 565 2486; x_wconf 86' lang='lat' dir='ltr'><strong>sanctus</strong></span> <span class='ocrx_word' id='word_1_255' title='bbox 587 2424 764 2507; x_wconf 80' lang='lat' dir='ltr'><strong>appellatur</strong></span> <span class='ocrx_word' id='word_1_256' title='bbox 787 2420 940 2507; x_wconf 83' lang='lat' dir='ltr'><strong>spiritus?</strong></span> 
     </span>
    </p>
   </div>
   <div class='ocr_carea' id='block_1_6' title="bbox 68 2538 955 2966">
    <p class='ocr_par' dir='ltr' id='par_1_6' title="bbox 68 2538 955 2711">
     <span class='ocr_line' id='line_1_31' title="bbox 117 2538 939 2627; baseline -0.002 -21"><span class='ocrx_word' id='word_1_257' title='bbox 117 2543 251 2627; x_wconf 70' lang='lat' dir='ltr'><strong>Spiritus</strong></span> <span class='ocrx_word' id='word_1_258' title='bbox 271 2564 289 2604; x_wconf 89' lang='lat' dir='ltr'><strong>a</strong></span> <span class='ocrx_word' id='word_1_259' title='bbox 312 2538 450 2625; x_wconf 87' lang='lat' dir='ltr'><strong>pellatur</strong></span> <span class='ocrx_word' id='word_1_260' title='bbox 479 2539 507 2603; x_wconf 92' lang='lat'><strong>1.</strong></span> <span class='ocrx_word' id='word_1_261' title='bbox 535 2540 612 2623; x_wconf 86' lang='lat' dir='ltr'><strong>quia</strong></span> <span class='ocrx_word' id='word_1_262' title='bbox 638 2563 711 2604; x_wconf 89' lang='lat' dir='ltr'><strong>vere</strong></span> <span class='ocrx_word' id='word_1_263' title='bbox 733 2552 781 2603; x_wconf 87' lang='lat' dir='ltr'><strong>est</strong></span> <span class='ocrx_word' id='word_1_264' title='bbox 802 2540 939 2604; x_wconf 87' lang='lat' dir='ltr'><strong>essentia</strong></span> 
     </span>
     <span class='ocr_line' id='line_1_32' title="bbox 68 2564 955 2711; baseline -0.001 -22"><span class='ocrx_word' id='word_1_265' title='bbox 68 2615 137 2691; x_wconf 70' lang='lat' dir='ltr'><strong>irinc</strong></span> <span class='ocrx_word' id='word_1_266' title='bbox 158 2650 173 2691; x_wconf 92' lang='lat' dir='ltr'><strong>s</strong></span> <span class='ocrx_word' id='word_1_267' title='bbox 196 2564 342 2703; x_wconf 64' lang='lat' dir='ltr'><strong>mimalia,</strong></span> <span class='ocrx_word' id='word_1_268' title='bbox 363 2624 560 2711; x_wconf 88' lang='lat' dir='ltr'><strong>incorporea.</strong></span> <span class='ocrx_word' id='word_1_269' title='bbox 952 2702 955 2711; x_wconf 29' lang='grc' dir='ltr'>Ι</span> 
     </span>
    </p>

    <p class='ocr_par' dir='ltr' id='par_1_7' title="bbox 68 2709 940 2880">
     <span class='ocr_line' id='line_1_33' title="bbox 117 2709 940 2795; baseline -0.001 -20"><span class='ocrx_word' id='word_1_270' title='bbox 117 2712 144 2776; x_wconf 82' lang='lat'><strong>2.</strong></span> <span class='ocrx_word' id='word_1_271' title='bbox 208 2710 263 2777; x_wconf 83' lang='lat' dir='ltr'><strong>uia</strong></span> <span class='ocrx_word' id='word_1_272' title='bbox 291 2709 375 2774; x_wconf 83' lang='lat' dir='ltr'><strong>intra</strong></span> <span class='ocrx_word' id='word_1_273' title='bbox 402 2709 669 2795; x_wconf 84' lang='lat' dir='ltr'><strong>simplicissimam</strong></span> <span class='ocrx_word' id='word_1_274' title='bbox 694 2709 868 2774; x_wconf 81' lang='lat' dir='ltr'><strong>divinitatis</strong></span> <span class='ocrx_word' id='word_1_275' title='bbox 889 2731 940 2774; x_wconf 86' lang='lat' dir='ltr'><strong>ea-</strong></span> 
     </span>
     <span class='ocr_line' id='line_1_34' title="bbox 68 2793 878 2880; baseline 0.001 -19"><span class='ocrx_word' id='word_1_276' title='bbox 68 2793 164 2860; x_wconf 70' lang='lat' dir='ltr'><strong>mfiam</strong></span> <span class='ocrx_word' id='word_1_277' title='bbox 185 2819 204 2860; x_wconf 87' lang='lat' dir='ltr'><strong>a</strong></span> <span class='ocrx_word' id='word_1_278' title='bbox 224 2796 324 2861; x_wconf 87' lang='lat' dir='ltr'><strong>Patre</strong></span> <span class='ocrx_word' id='word_1_279' title='bbox 345 2804 377 2859; x_wconf 92' lang='lat' dir='ltr'><strong>et</strong></span> <span class='ocrx_word' id='word_1_280' title='bbox 398 2795 484 2859; x_wconf 89' lang='lat' dir='ltr'><strong>Filio</strong></span> <span class='ocrx_word' id='word_1_281' title='bbox 506 2794 710 2859; x_wconf 81' lang='lat' dir='ltr'><strong>ineffabiliter</strong></span> <span class='ocrx_word' id='word_1_282' title='bbox 733 2795 878 2880; x_wconf 86' lang='lat' dir='ltr'><strong>spiratur.</strong></span> 
     </span>
    </p>

    <p class='ocr_par' dir='ltr' id='par_1_8' title="bbox 118 2877 939 2966">
     <span class='ocr_line' id='line_1_35' title="bbox 118 2877 939 2966; baseline -0.004 -21"><span class='ocrx_word' id='word_1_283' title='bbox 118 2880 144 2947; x_wconf 87' lang='lat'><strong>3.</strong></span> <span class='ocrx_word' id='word_1_284' title='bbox 166 2879 256 2961; x_wconf 81' lang='lat' dir='ltr'><strong>Quia</strong></span> <span class='ocrx_word' id='word_1_285' title='bbox 275 2878 455 2966; x_wconf 86' lang='lat' dir='ltr'><strong>spirituales</strong></span> <span class='ocrx_word' id='word_1_286' title='bbox 481 2892 587 2945; x_wconf 84' lang='lat' dir='ltr'><strong>motus</strong></span> <span class='ocrx_word' id='word_1_287' title='bbox 613 2880 647 2944; x_wconf 91' lang='lat' dir='ltr'><strong>in</strong></span> <span class='ocrx_word' id='word_1_288' title='bbox 669 2881 818 2945; x_wconf 88' lang='lat' dir='ltr'><strong>cordibus</strong></span> <span class='ocrx_word' id='word_1_289' title='bbox 839 2877 939 2942; x_wconf 90' lang='lat' dir='ltr'><strong>homi-</strong></span> 
     </span>
    </p>
   </div>
   <div class='ocr_carea' id='block_1_7' title="bbox 68 2966 253 3031">
    <p class='ocr_par' dir='ltr' id='par_1_9' title="bbox 68 2966 253 3031">
     <span class='ocr_line' id='line_1_36' title="bbox 68 2966 253 3031; baseline 0.011 -4"><span class='ocrx_word' id='word_1_290' title='bbox 68 2974 114 3027; x_wconf 74' lang='lat' dir='ltr'><strong>tua</strong></span> <span class='ocrx_word' id='word_1_291' title='bbox 129 2966 253 3031; x_wconf 85' lang='lat' dir='ltr'><strong>excitat.</strong></span> 
     </span>
    </p>
   </div>
   <div class='ocr_carea' id='block_1_8' title="bbox 68 3079 956 3359">
    <p class='ocr_par' dir='ltr' id='par_1_10' title="bbox 68 3079 956 3359">
     <span class='ocr_line' id='line_1_37' title="bbox 107 3079 956 3154; baseline 0 -18"><span class='ocrx_word' id='word_1_292' title='bbox 107 3079 190 3145; x_wconf 74' lang='lat' dir='ltr'><strong>illatio</strong></span> <span class='ocrx_word' id='word_1_293' title='bbox 212 3081 331 3137; x_wconf 91' lang='lat' dir='ltr'><strong>nominis</strong></span> <span class='ocrx_word' id='word_1_294' title='bbox 358 3088 379 3138; x_wconf 84' lang='lat'><strong>1.</strong></span> <span class='ocrx_word' id='word_1_295' title='bbox 398 3082 512 3153; x_wconf 87' lang='lat' dir='ltr'><strong>respicit</strong></span> <span class='ocrx_word' id='word_1_296' title='bbox 539 3082 686 3138; x_wconf 87' lang='lat' dir='ltr'><strong>essentiam</strong></span> <span class='ocrx_word' id='word_1_297' title='bbox 704 3082 822 3154; x_wconf 83' lang='lat' dir='ltr'><strong>Spiritus</strong></span> <span class='ocrx_word' id='word_1_298' title='bbox 840 3081 956 3136; x_wconf 77' lang='lat' dir='ltr'><strong>sancti·</strong></span> 
     </span>
     <span class='ocr_line' id='line_1_38' title="bbox 68 3136 940 3222; baseline 0.006 -21"><span class='ocrx_word' id='word_1_299' title='bbox 68 3136 114 3201; x_wconf 69' lang='lat' dir='ltr'><strong>lus</strong></span> <span class='ocrx_word' id='word_1_300' title='bbox 128 3152 197 3205; x_wconf 89' lang='lat' dir='ltr'><strong>enim</strong></span> <span class='ocrx_word' id='word_1_301' title='bbox 215 3158 260 3207; x_wconf 83' lang='lat' dir='ltr'><strong>est</strong></span> <span class='ocrx_word' id='word_1_302' title='bbox 278 3151 398 3222; x_wconf 82' lang='lat' dir='ltr'><strong>spiritus,</strong></span> <span class='ocrx_word' id='word_1_303' title='bbox 415 3153 571 3219; x_wconf 73' lang='grc' dir='ltr'><strong>,1οή,4,24.</strong></span> <span class='ocrx_word' id='word_1_304' title='bbox 596 3151 680 3206; x_wconf 85' lang='lat' dir='ltr'><strong>Ratio</strong></span> <span class='ocrx_word' id='word_1_305' title='bbox 700 3157 722 3207; x_wconf 82' lang='lat'><strong>2.</strong></span> <span class='ocrx_word' id='word_1_306' title='bbox 741 3151 940 3222; x_wconf 81' lang='lat' dir='ltr'><strong>proprietatem</strong></span> 
     </span>
     <span class='ocr_line' id='line_1_39' title="bbox 68 3219 939 3296; baseline 0 -21"><span class='ocrx_word' id='word_1_307' title='bbox 68 3220 209 3296; x_wconf 49' lang='lat' dir='ltr'><strong>Qualem.</strong></span> <span class='ocrx_word' id='word_1_308' title='bbox 244 3220 320 3275; x_wconf 90' lang='lat' dir='ltr'><strong>Hinc</strong></span> <span class='ocrx_word' id='word_1_309' title='bbox 338 3220 441 3275; x_wconf 89' lang='lat' dir='ltr'><strong>dieitur</strong></span> <span class='ocrx_word' id='word_1_310' title='bbox 459 3219 629 3291; x_wconf 90' lang='lat' dir='ltr'><strong>spiraculum</strong></span> <span class='ocrx_word' id='word_1_311' title='bbox 645 3221 777 3288; x_wconf 72' lang='lat' dir='ltr'><strong>leharea,</strong></span> <span class='ocrx_word' id='word_1_312' title='bbox 795 3222 900 3288; x_wconf 63' lang='lat' dir='ltr'><strong>Pare,</strong></span> <span class='ocrx_word' id='word_1_313' title='bbox 912 3224 939 3285; x_wconf 83' lang='lat'><strong>6,</strong></span> 
     </span>
     <span class='ocr_line' id='line_1_40' title="bbox 68 3266 939 3359; baseline -0.001 -14"><span class='ocrx_word' id='word_1_314' title='bbox 68 3266 151 3345; x_wconf 63' lang='lat' dir='ltr'><strong>rma</strong></span> <span class='ocrx_word' id='word_1_315' title='bbox 169 3289 223 3345; x_wconf 68' lang='lat'><strong>0110</strong></span> <span class='ocrx_word' id='word_1_316' title='bbox 242 3288 352 3355; x_wconf 68' lang='lat' dir='ltr'><strong>chesn,</strong></span> <span class='ocrx_word' id='word_1_317' title='bbox 372 3294 400 3347; x_wconf 79' lang='lat' dir='ltr'><strong>a.</strong></span> <span class='ocrx_word' id='word_1_318' title='bbox 412 3290 536 3343; x_wconf 66' lang='lat' dir='ltr'><strong>resera.</strong></span> <span class='ocrx_word' id='word_1_319' title='bbox 551 3293 578 3353; x_wconf 86' lang='lat'><strong>2,</strong></span> <span class='ocrx_word' id='word_1_320' title='bbox 598 3293 622 3353; x_wconf 78' lang='lat' dir='ltr'><strong>r,</strong></span> <span class='ocrx_word' id='word_1_321' title='bbox 642 3289 778 3344; x_wconf 73' lang='lat' dir='ltr'><strong>ranorum</strong></span> <span class='ocrx_word' id='word_1_322' title='bbox 798 3290 867 3359; x_wconf 64' lang='lat' dir='ltr'><strong>eus,</strong></span> <span class='ocrx_word' id='word_1_323' title='bbox 887 3292 939 3344; x_wconf 71' lang='lat' dir='ltr'><strong>nr.</strong></span> 
     </span>
    </p>
   </div>
   <div class='ocr_carea' id='block_1_9' title="bbox 746 3381 772 3426">
    <p class='ocr_par' dir='ltr' id='par_1_11' title="bbox 746 3381 772 3426">
     <span class='ocr_line' id='line_1_41' title="bbox 746 3381 772 3426; baseline -0.077 0"><span class='ocrx_word' id='word_1_324' title='bbox 746 3381 772 3426; x_wconf 79' lang='lat'><strong>21</strong></span> 
     </span>
    </p>
   </div>
   <div class='ocr_carea' id='block_1_10' title="bbox 0 0 1131 3772">
    <p class='ocr_par' dir='ltr' id='par_1_12' title="bbox 0 0 1131 3772">
     <span class='ocr_line' id='line_1_42' title="bbox 0 0 1131 3772; baseline 0 0"><span class='ocrx_word' id='word_1_325' title='bbox 0 0 1131 3772; x_wconf 95' lang='lat' dir='ltr'><strong> </strong></span> 
     </span>
    </p>
   </div>
  </div>
 </body>
</html>
