2250 3772
333 674 708 760 SYLLABUS

166 853 376 922 aarum
405 855 477 921 nr
507 852 857 924 vannorum,

56 1081 180 1142 Aaron,
195 1074 288 1145 Moysi
296 1078 429 1145 tanquam
446 1072 623 1146 magistratui
640 1090 690 1128 suo
699 1071 826 1128 subditus
835 1071 895 1129 fuit
917 1078 974 1129 100.

97 1142 273 1199 vocationem
288 1142 325 1198 ad
341 1141 534 1215 pontificatum
552 1140 741 1197 immediatam
759 1141 865 1197 habuit.
889 1147 947 1198 358.

58 1211 212 1267 Aesolario
231 1212 431 1281 ecclesiastico,
450 1210 612 1267 ceremoniis
623 1209 742 1264 leviticis
754 1209 974 1281 significabatur.
1055 1208 1058 1215 '

98 1286 140 1337 52.
176 1280 348 1337 descnbitnr.
370 1285 428 1338 366.
465 1297 521 1334 555
539 1286 582 1334 est
598 1284 808 1334 sacramentum.
825 1284 885 1335 402.

62 1350 233 1405 Absolutum
261 1349 322 1402 Dei
351 1351 492 1404 decretum
520 1365 577 1403 non
605 1352 648 1404 est
679 1364 763 1402 causa
792 1346 888 1419 lapsus
917 1346 976 1403 dia·

95 1416 231 1473 boiorum.
251 1423 310 1473 230.
348 1434 399 1474 555
420 1417 606 1473 damnationis
630 1434 680 1472 seu
696 1416 898 1488 reprobationis
915 1415 974 1487 ple-

96 1503 190 1541 rorum
210 1503 247 1541 ue
263 1485 416 1541 hominum.
434 1493 485 1543 415
504 1505 545 1558 sq.
581 1486 611 1540 in
630 1490 722 1541 totum
737 1503 794 1541 non
812 1484 904 1541 datur.
924 1489 973 1541 401

96 1572 155 1629 seq.
190 1504 292 1611 boner
308 1561 359 1611 412
376 1573 434 1627 seq.

56 1623 245 1679 Abstractam
262 1622 354 1679 minus
369 1625 442 1680 bene
460 1623 489 1678 in
508 1621 763 1695 praedicationibus
783 1623 976 1695 personalibus

99 1692 256 1748 adhibetur.
273 1698 333 1749 258.
371 1693 544 1750 describitur.
563 1698 623 1749 280.

58 1760 249 1816 Accideatole
273 1762 493 1816 ceremoniarum
516 1760 650 1816 mutabile
675 1766 725 1816 est.
746 1767 788 1818 44.
828 1762 976 1817 observan-

98 1830 165 1884 dum
182 1830 270 1885 estin
285 1836 409 1898 tantum,
435 1835 570 1903 quantum
593 1829 631 1884 ad
654 1827 878 1886 aedificationem
896 1829 975 1901 facit.

98 1905 140 1956 44.
176 1898 278 1955 Confer
294 1905 327 1954 54
346 1915 387 1969 sq,

63 1967 271 2023 decusationes
284 1968 415 2033 forenses
434 1964 592 2020 christianis
607 1964 702 2021 licitae
720 1970 792 2020 sunt.
811 1971 858 2022 135
880 1984 956 2047 seqq.

62 2036 201 2093 Actiones
222 2035 372 2107 dupliciter
391 2040 544 2090 sumuntur.
568 2039 625 2088 119.
659 2036 761 2102 bonae,
784 2041 976 2091 555551555-

98 2122 159 2161 rem
175 2111 284 2160 tantum
303 2103 502 2171 obedientiam,
525 2101 576 2157 sed
599 2109 628 2157 et
644 2101 802 2158 interiorem
818 2103 905 2159 animi
921 2104 976 2158 sin-

100 2174 243 2230 ceritatem
267 2173 389 2244 exiguut.
411 2177 467 2228 181.
503 2170 606 2227 finibus
625 2171 796 2241 judicantur.
818 2179 875 2231 181.
910 2179 978 2228 suut

98 2242 144 2298 rel
169 2242 286 2298 civiliter
309 2242 355 2296 rel
379 2238 562 2313 spisitualiter
579 2239 659 2297 tales.
678 2247 736 2297 240.
774 2243 883 2313 mulce,
965 2272 977 2282 -

100 2311 252 2366 mittuntur
269 2328 287 2366 a
302 2310 364 2366 Deo
381 2308 584 2381 centupliciter,
605 2308 643 2365 ib.
688 2307 791 2365 Confer
808 2316 867 2369 325.
929 2310 977 2367 ide

98 2382 171 2435 dono
191 2397 288 2449 opera,
305 2380 412 2434 molum
430 2387 456 2433 et
495 2387 627 2433 ecoctam.

61 2449 187 2504 Aetate
200 2456 358 2518 peecatum,
375 2447 440 2502 ride
486 2455 618 2502 ecoctam.

60 2518 155 2574 Actus
176 2518 357 2587 personalia,
385 2522 427 2571 est
452 2515 633 2572 subsistentia
659 2518 819 2586 assumptae
836 2515 927 2569 carnis
945 2515 977 2571 in

9 2614 22 2628 ³
120 2602 219 2642 555055
236 2584 331 2655 λόγου.
350 2590 409 2640 254.
445 2584 504 2638 sola
527 2584 682 2655 gestatione
704 2583 750 2637 rel
772 2583 978 2641 inhabitatione

99 2605 241 2710 bumanae
258 2661 375 2710 naturae
386 2654 415 2707 in
428 2668 547 2724 persona
557 2653 644 2722 λόγου
656 2668 713 2706 non
727 2651 896 2722 exprimitur.
915 2658 976 2709 256.

62 2725 171 2793 Adam,
191 2739 276 2779 causa
290 2738 441 2805 procreans
458 2721 615 2793 propinqua
627 2720 898 2792 peccatioriginalia.
918 2726 978 2779 161.

104 2798 153 2849 163
172 2808 212 2862 sq.
248 2791 387 2872 hujusque
404 2796 512 2845 reatum
534 2790 563 2842 in
578 2806 672 2844 omnes
689 2793 814 2859 posteros
832 2788 979 2859 derivavit,

101 2860 171 2916 ibid.
206 2860 356 2932 imaginem
368 2859 420 2914 liei
438 2864 531 2913 autem
548 2858 670 2914 minime.
692 2863 750 2915 235.
780 2866 866 2928 vetar,
884 2857 978 2929 ipsum

98 2933 245 3000 peccatum
264 2927 399 3000 originale
416 2928 445 2982 in
463 2927 602 3049 baptismo
619 2925 766 2998 significat
786 2933 845 2984 512.

61 2998 250 3068 Αάᾰιρήονα,
267 3003 348 3052 caute
365 2995 479 3052 tractmi
519 2996 608 3051 ebent
628 3002 669 3052 11.
688 3013 739 3067 per
755 2994 885 3051 accidens
902 2994 978 3051 mala

99 3065 160 3121 fieri
184 3072 313 3137 possunt,
358 3083 389 3121 er
410 3064 540 3121 accidens
557 3063 619 3119 Deo
641 3064 761 3135 placent.
782 3071 840 3121 100.
875 3063 978 3119 descri-

99 3134 213 3191 buntur.
231 3139 289 3190 361.
344 3134 455 3189 esinunt
473 3149 532 3188 esse
551 3133 629 3195 talia,
646 3149 710 3189 cum
722 3132 791 3214 ipsis
804 3133 905 3203 cultus,
920 3149 976 3188 me

99 3205 185 3259 ritum
210 3211 261 3259 etc.
287 3201 354 3257 affin
376 3203 438 3259 itur.
471 3207 531 3258 361.
577 3206 692 3273 propter
726 3200 849 3259 infirmos
874 3201 978 3265 mutari

98 3278 223 3344 possunt.
242 3277 300 3331 361.
364 3272 401 3329 id.
424 3272 612 3327 Geremooioe.
