2258 3766
106 224 168 289 152
341 222 448 309 Caput
467 223 493 290 I.
537 223 591 287 De
612 223 777 308 decalogo.

105 404 171 469 rat,
201 413 240 457 ac
262 392 296 455 in
317 391 446 456 illorum
465 391 561 456 etiam
581 414 719 477 persona
735 392 889 478 posteris;
918 390 1010 457 facul·

104 488 203 545 tatem
223 489 330 541 autem
351 475 505 563 implendi
532 476 639 562 legem
667 477 781 541 iisdem
802 477 837 540 in
856 476 1010 564 primaeva

106 563 266 627 creatione
291 562 436 635 dederat:
466 561 579 626 merito
609 584 686 648 ergo
716 562 851 627 eandem
873 585 893 626 a
915 563 1010 628 nobie

104 648 248 734 ipsorum
268 647 414 731 posteris,
436 646 544 732 exigit.

76 797 78 800 ’
175 801 426 869 (Quemadmodum
445 801 549 872 siquis
567 806 663 855 mutuo
688 801 736 856 det
754 801 837 858 alicui
862 803 1010 872 pecuniam

105 871 151 925 hic
169 886 235 925 vero
253 886 305 923 sua
323 869 430 924 incuria
447 869 575 940 dissipet,
599 886 651 925 nec
676 870 712 924 sit
734 871 853 941 amplius
876 871 1010 927 solvendo

106 939 226 994 creditor
245 938 509 1009 tameninjustitiae
526 939 607 1009 argui
623 955 679 992 non
696 946 802 1009 potest,
827 940 850 992 si
868 940 905 994 ab
923 939 1010 995 haere

107 1008 189 1063 dibus
206 1009 267 1077 ejus
283 1007 417 1062 creditam
455 1007 583 1062 ecuniam
604 1008 706 1078 exigat.
753 1008 828 1062 Hinc
845 1008 933 1078 igitur
955 1025 1010 1064 con

106 1076 195 1131 ciliari
213 1080 330 1145 possunt
348 1075 418 1131 haec
430 1025 495 1143 duo,
513 1093 585 1145 quae
596 1077 780 1144 Hieronymo,
798 1093 831 1130 ex
853 1077 915 1131 osit.
929 1076 1010 1159 symb

107 1147 143 1200 ad
160 1144 274 1210 Damas.
291 1152 311 1198 t.
331 1152 355 1200 4.
373 1163 401 1227 p.
414 1151 447 1200 99
472 1146 507 1212 Α,
526 1144 706 1199 atribuuntur
724 1145 811 1200 dicta:
869 1146 1010 1200 aledactaa

107 1214 157 1284 qai
179 1213 250 1266 dicit
266 1216 359 1266 Deam
375 1215 563 1282 capessibilis
585 1215 776 1283 praecepisse,
795 1219 905 1283 (nempe
923 1215 1009 1284 primi

105 1281 267 1352 parentibus
293 1287 358 1336 ante
383 1282 505 1352 lapsum,
533 1281 600 1336 item
620 1299 655 1336 ue
680 1283 783 1336 renatis
807 1282 970 1363 perfidem
994 1300 1009 1337 e

107 1351 226 1422 gratiam
239 1350 357 1420 Spiritus
369 1352 466 1418 sancti,
485 1350 587 1420 quibus
599 1299 702 1405 derisa
716 1351 839 1421 impletio
853 1351 1010 1421 imputatur

106 1426 147 1474 et:
163 1420 340 1488 maledictas,
360 1420 410 1488 qai
428 1419 533 1473 dicerit
544 1420 633 1489 lepcm
647 1421 885 1488 eccepossihilem,
905 1419 1010 1486 (homin

106 1487 235 1542 nimirum
258 1493 322 1558 post
346 1487 471 1557 lapsum,
497 1487 526 1540 in
550 1486 604 1542 hac
628 1493 760 1558 corrupta
782 1494 882 1543 natura
900 1490 1009 1559 proprii

105 1557 211 1610 viribus
229 1561 258 1611 et
274 1555 450 1622 actionibus.)
487 1557 599 1609 Errant
616 1556 703 1626 igitur
720 1557 894 1618 Manichaei,
914 1561 965 1628 qui
984 1559 1010 1611 le

106 1641 172 1696 gem
196 1625 298 1678 malam
327 1631 355 1679 ct
372 1641 390 1678 a
408 1625 482 1679 malo
498 1624 559 1678 Deo
579 1630 669 1678 ortam
685 1642 745 1680 esse
763 1625 906 1695 dixerunt,
926 1645 962 1680 ex
981 1644 1010 1681 ec

65 1728 68 1741 ι
107 1694 182 1765 quod
199 1693 269 1748 iram
289 1698 428 1763 operetur,
446 1694 527 1749 Rom.
546 1697 572 1754 l,
590 1697 633 1746 15.
670 1694 798 1748 Prateol.
815 1695 833 1748 l.
852 1701 891 1749 11.
912 1695 1010 1750 elench

105 1763 212 1818 haeres.
232 1768 255 1816 6.
274 1778 301 1831 p.
321 1768 380 1818 309.
392 1762 419 1818 b.
450 1760 521 1814 Cum
540 1769 634 1816 tamen
655 1762 725 1816 illud
741 1762 791 1816 fiat
809 1780 842 1819 ex
864 1763 1007 1818 accidenti

105 1831 151 1887 lex
176 1847 241 1885 vero
258 1846 309 1899 per
322 1846 352 1884 se
370 1830 407 1884 sit
424 1836 533 1897 sancta,
552 1832 632 1884 Rom.
650 1833 672 1903 7,
685 1835 728 1885 12.
765 1833 878 1884 Errant
898 1838 922 1886 2.
942 1834 1010 1887 Pha

105 1898 1010 2039 rennuente.irretrccnrrmcrcne

322 2006 330 2034 i

105 2037 224 2092 tuebant
249 2037 352 2089 Matth.
380 2040 414 2090 19
447 2039 501 2103 20,
530 2053 646 2107 quorum
669 2041 745 2090 trans
775 2037 916 2090 essionem
939 2037 1010 2093 Deu

105 2123 163 2159 non
187 2110 278 2170 curet,
306 2104 392 2158 veluti
417 2077 560 2159 interiores
585 2104 702 2158 affectus
727 2112 886 2159 a'errantes
908 2123 927 2160 a
944 2106 1010 2178 lega

106 2173 211 2229 Contra
230 2172 304 2242 quod
318 2172 444 2227 Christus
457 2173 545 2240 docet,
565 2174 668 2228 Matth.
682 2177 699 2226 5
722 2177 769 2226 22.
782 2177 828 2227 23.
840 2178 885 2230 29.
906 2176 1010 2229 Errare

107 2249 132 2297 3.
148 2241 304 2311 pontificii,
330 2241 378 2310 qui
401 2240 540 2296 hominem
557 2249 684 2296 renatum
700 2214 793 2312 legem
810 2243 864 2297 Dei
880 2260 939 2297 non
958 2261 1010 2314 per

106 2310 181 2364 fecte
194 2315 311 2388 tantum,
330 2309 379 2363 sed
395 2317 423 2363 ct
436 2309 694 2378 superabundanter
708 2311 831 2381 implere,
851 2317 879 2364 et
891 2310 946 2365 hac
958 2329 1010 2382 per

105 2377 226 2434 sectione
242 2377 430 2432 remissionem
446 2382 623 2448 peccatorum
641 2395 674 2432 ac
692 2380 777 2433 vitam
794 2385 936 2435 aeternam
954 2399 1009 2435 con

106 2445 186 2517 sequi
214 2462 295 2515 posse
321 2446 463 2501 dimicant.
509 2446 583 2503 Vide
612 2447 718 2502 Concil.
749 2449 875 2503 Tridect.
902 2465 970 2502 sess.
996 2457 1010 2505 8

107 2531 169 2570 can.
199 2520 239 2570 18.
283 2515 423 2569 Beltarm.
449 2515 468 2568 l.
489 2522 513 2571 4.
539 2516 574 2570 de
588 2515 734 2584 justificat.
764 2533 788 2570 c.
808 2523 847 2571 11.
872 2524 892 2571 t.
912 2525 936 2572 4.
966 2519 1009 2573 col

109 2589 184 2640 1041.
205 2583 239 2636 A.
260 2599 316 2654 seq.
351 2583 430 2638 Idem
449 2584 483 2638 de
500 2585 598 2655 pontis.
617 2584 733 2639 Roman
752 2584 771 2638 l.
791 2590 814 2639 3.
837 2602 860 2639 c.
882 2591 924 2640 32.
952 2595 973 2640 t.
998 2593 1007 2641 1

106 2652 158 2706 col.
177 2657 233 2707 188.
250 2651 286 2706 D.
321 2654 383 2706 Nec
401 2654 512 2706 obstant
531 2660 552 2713 1.
572 2650 731 2722 Scripturae
753 2652 836 2721 dicta,
854 2654 957 2724 quibus
976 2673 1010 2710 ve

105 2720 284 2804 perfectionis
304 2722 407 2776 mentio
424 2720 465 2790 iit,
483 2721 527 2775 vel
547 2721 664 2790 perfecti
677 2721 760 2775 etiam
773 2723 1006 2778 commendantur

106 2791 175 2843 chid.
192 2789 244 2855 col.
265 2794 340 2845 1012.
358 2791 392 2842 Α.
411 2789 442 2846 C.
481 2789 555 2855 Quia
579 2789 731 2860 loquuntur
760 2790 805 2844 vel
830 2797 852 2845 1.
877 2791 913 2845 de
939 2809 1009 2862 prae

106 2859 208 2929 ceptis:
226 2875 243 2911 a
261 2875 360 2927 praece
381 2866 409 2912 to
427 2863 520 2913 autem
537 2858 575 2911 ad
592 2875 674 2928 posse
691 2875 746 2912 non
762 2858 838 2914 valet
848 2876 1009 2931 consequen

106 2926 152 2981 tia.
184 2927 238 2982 Vel
257 2935 280 2983 2.
297 2927 331 2981 de
368 2943 411 2995 ne,
428 2927 464 2980 ad
483 2943 568 2996 quem
582 2927 813 2994 contendendum,
831 2928 880 2998 qui
894 2928 940 2982 hic
979 2930 1009 2984 ui

108 2997 170 3050 dem
189 2995 349 3063 inchoatur,
367 2995 396 3048 in
415 2995 502 3049 altera
519 2994 578 3048 vita
597 3001 811 3050 consummatur.
848 2997 894 3050 Ita
912 2947 1010 3066 Epicu

107 3069 125 3117 5
146 3067 191 3131 27,
207 3067 241 3116 ut
257 3063 337 3119 sistat
354 3079 416 3119 eam
433 3063 595 3133 perfectam,
616 3064 685 3118 dicit
698 3065 847 3134 apostolus,
865 3080 922 3119 non
937 3067 1011 3122 sistit

105 3105 160 3189 iel
179 3137 203 3187 3.
222 3132 256 3186 de
274 3131 445 3202 perfectione
454 3130 576 3201 partium
586 3132 760 3187 obedientiae
772 3133 928 3203 inchoatae,
946 3153 1010 3206 quas

105 3199 139 3255 fit
157 3200 228 3254 citra
238 3199 398 3270 hypocrisin
416 3206 445 3254 ct
461 3215 479 3252 a
498 3205 558 3255 erto
574 3202 657 3256 corde
670 3208 699 3255 ot
711 3200 830 3270 simplici
850 3203 1010 3259 sinceritate

104 3286 162 3325 non
180 3269 216 3323 de
231 3269 401 3338 perfectione
418 3285 471 3340 gra
491 3286 569 3337 uum,
596 3286 628 3324 eo
646 3269 777 3324 nimirum
794 3271 938 3340 perfectae
955 3274 1009 3328 obe
