2250 3772
317 251 371 317 De
392 253 587 338 Augustanc
604 251 816 318 confessione.
955 206 1022 322 627

99 423 194 489 verli,
214 439 270 477 non
286 421 406 491 impedit
418 421 570 491 politicam
582 421 863 492 administrationem,
881 424 954 478 sicat
971 442 1023 478 ass

103 492 231 547 canendi
248 491 321 546 nihil
337 492 456 559 impedit
465 489 616 560 politicam
634 491 915 546 administrationem.
946 495 1022 547 Nem

98 561 227 633 politica
255 559 466 615 administratio
491 567 622 612 versatas·
651 560 730 612 circa
753 560 829 614 alias
851 578 911 631 nes,
936 562 1022 631 p'nam

104 629 297 699 ampelium,
321 629 505 696 mapotratas
528 629 659 695 defendit
675 645 733 682 non
749 637 866 699 mentes,
889 633 942 684 sed
959 647 1021 685 cor-

102 707 274 772 poraetres
291 697 472 767 corporales,
489 698 629 750 adversas
647 697 817 763 manifestas
834 700 973 769 injicias,
992 709 1019 754 et

107 776 219 823 coercet
237 768 362 820 homines
378 766 477 833 plodio
499 773 525 818 et
543 766 741 834 corporalibus
756 768 872 836 poenis,
889 776 920 822 m
930 769 1019 838 jasti-

105 836 179 892 tiam
196 837 306 890 civilem
324 843 350 888 ct
364 851 464 904 pacem
483 834 612 888 retineat.
979 848 984 857 ·

180 905 247 960 Non
270 904 358 973 ipitnr
383 905 603 957 commiscendae
622 911 688 957 sant
709 911 864 973 potestates
891 905 1021 959 ccclesia·

105 975 181 1028 stica
210 981 236 1028 et
265 973 365 1027 civilis.
409 972 615 1026 Ecclesiastico
641 989 722 1025 snum
746 975 911 1027 mmsdatnm
939 975 1022 1028 labet

106 1041 250 1113 eoanpelii
257 1041 381 1096 docendi
388 1049 414 1094 et
421 1041 836 1095 administrandisacrementa.
845 1043 1020 1097 Nonirrmm·

101 1119 160 1185 pat
170 1113 202 1164 in
212 1111 337 1165 alienam
346 1110 480 1177 officiam,
500 1126 558 1161 non
569 1111 728 1174 transferat
736 1127 825 1178 repna
840 1113 946 1181 mandi,
964 1129 1021 1164 non

108 1182 227 1250 adrepet
238 1181 314 1248 lepos
325 1179 549 1247 mapistratanm,
559 1196 615 1231 non
629 1178 713 1231 tollat
724 1179 879 1248 lepitimam
891 1181 1019 1234 obedien·

105 1252 193 1317 tiam,
215 1267 271 1302 non
290 1248 428 1316 impediat
439 1247 557 1316 judicia
575 1247 610 1298 de
627 1247 697 1299 allio
714 1247 843 1300 civilibus
863 1250 1021 1303 ordinatio·

105 1319 191 1374 sitos
214 1324 264 1370 ant
280 1315 484 1383 contractibus,
510 1333 568 1367 non
580 1315 761 1384 praescribat
778 1316 854 1382 lepcs
871 1318 1021 1384 mapistra·

102 1389 183 1444 mbas
206 1388 242 1440 de
258 1389 363 1454 sonmo
385 1383 569 1452 respublicae,
591 1384 664 1436 sicat
690 1384 759 1437 dicit
786 1383 928 1455 Christus,
951 1387 1020 1444 Jolt.

105 1460 152 1527 18,
163 1459 213 1510 36⁸:
231 1456 357 1524 Regnum
373 1470 464 1506 meam
472 1470 529 1505 non
539 1460 580 1506 est
589 1455 624 1506 de
637 1454 688 1506 loc
700 1455 811 1508 mando.
841 1456 928 1508 Item:
949 1457 1019 1512 Lac.

107 1529 157 1589 12,
175 1528 224 1578 14.-
252 1522 320 1584 Qais
338 1522 536 1575 constitnitme
548 1522 679 1590 jadicem
695 1529 746 1574 cat
765 1523 917 1578 divisorem
935 1523 1020 1595 saper

104 1595 176 1649 nos!
210 1594 251 1646 Et
267 1593 380 1645 Paulas
397 1591 439 1644 ait
451 1589 529 1644 Plnl.
543 1595 571 1659 3,
584 1593 639 1644 20:
664 1592 774 1645 Nostra
786 1593 894 1662 politia
911 1594 941 1646 in
959 1611 1020 1648 coe·

103 1664 147 1720 lic
164 1669 211 1717 ect.
248 1664 277 1715 2.
299 1662 363 1715 Con.
384 1664 425 1728 10,
446 1663 481 1712 4.·
500 1659 593 1713 Arma
613 1659 733 1712 militiae
750 1669 864 1714 nostrae
880 1679 937 1715 non
957 1671 1021 1716 sant

104 1731 249 1795 consalin,
267 1731 321 1783 scd
332 1729 463 1797 potentia
482 1729 556 1796 Deo,
575 1730 617 1781 ad
634 1730 820 1782 desto-mendas
838 1732 1020 1801 capitationes

104 1809 159 1858 cto.
195 1800 247 1854 Aa
263 1799 335 1852 itanc
352 1799 466 1851 modam
483 1798 646 1850 discernant
669 1799 762 1850 nostri
779 1799 925 1868 utriusque
938 1808 1020 1868 pote·

103 1868 191 1926 statis
202 1868 309 1938 officio,
326 1874 353 1920 et
358 1866 466 1934 jubent,
479 1873 627 1934 atramque
637 1865 742 1919 honore
753 1867 881 1935 efficere,
893 1874 920 1920 ct
933 1885 1020 1936 aqna-

103 1954 173 1995 scer
214 1945 360 2004 atramque
379 1934 441 1987 Dei
457 1935 559 1987 donam
577 1941 603 1986 et
621 1934 783 1998 beneficiam
803 1950 870 1992 esse.

203 2007 215 2059 i
231 2021 315 2075 ptam
327 2004 429 2057 labent
445 2003 572 2071 episcopi
579 2010 748 2072 potestatem
759 2002 862 2072 pladii,
880 2004 953 2059 lanc
963 2023 1021 2060 non

104 2075 210 2132 nalem
228 2073 354 2144 episcopi
370 2088 403 2126 en
420 2073 557 2125 mandato
576 2071 729 2137 eoanpclii,
751 2072 804 2124 scd
814 2073 884 2140 jare
899 2074 1020 2129 hnmano

106 2148 246 2201 donatam
265 2159 284 2195 a
301 2141 414 2211 sepibus
432 2148 458 2194 et
480 2139 711 2210 imperatos-itas,
733 2141 776 2193 ad
797 2141 1020 2198 administiatio·

105 2231 171 2269 nem
192 2211 302 2265 civilem
325 2227 439 2264 sacram
460 2210 602 2263 lon-oram.
641 2209 721 2262 Haec
743 2209 857 2263 interim
876 2213 937 2266 alia
953 2214 1021 2279 fan·

106 2283 166 2338 ctio
184 2289 232 2350 eet,
248 2296 333 2349 ptam
349 2278 534 2332 ministeriam
551 2277 697 2347 evanpclii.

182 2348 251 2403 Cam
270 2349 359 2417 ipitar
383 2349 419 2400 de
432 2346 635 2416 jurisdictione
653 2346 847 2429 cpiscoporum
863 2349 1021 2430 quaeritur,

106 2419 237 2475 discerni
261 2416 341 2470 debet
366 2416 514 2484 imperinm
538 2417 574 2469 al
597 2415 788 2469 ecclesiastica
804 2417 1019 2484 jurisdictione.

104 2488 203 2546 Porro
221 2487 373 2540 secundnm
392 2484 566 2550 eoanpeliam
582 2501 646 2553 sen,
665 2493 696 2537 at
715 2485 881 2552 loquantur,
902 2489 937 2540 de
949 2489 1020 2556 joae

105 2557 207 2612 divino
225 2555 308 2609 nulla
318 2553 488 2623 jurisdictio
514 2553 644 2623 competit
663 2552 811 2622 episcopis,
836 2555 888 2608 loc
910 2562 951 2608 est
967 2557 1020 2623 lis,

105 2625 210 2696 puilia
232 2630 272 2678 est
291 2623 466 2677 commissam
484 2621 668 2675 ministeriam
688 2622 766 2674 verli
786 2629 812 2674 et
830 2632 1020 2680 sacramento·
1103 2684 1106 2689 ,

103 2693 255 2817 Μᾶοέἷίεξ
265 2692 406 2812 νονηίαἴτο
417 2689 839 2812 Ρεσὲῗραᾎζεοτηὶισορηοεοοςρ
851 2693 1020 2776 doctrinam,

100 2771 182 2905 ῗὸω,
199 2779 316 2914 pm
329 2767 1021 2896 zotiviityimpictziiiqiotiiiilrioieitiiiimteisitosmte

105 2897 1021 3046 mmcd‘st:ltpsedtsdemmn

95 3039 190 3110 jacta
205 3037 298 3092 illud.-
319 3035 376 3097 Qus·
391 3052 440 3088 cos
458 3035 547 3094 cadit,
566 3050 608 3086 me
626 3034 717 3101 cadit,
734 3035 803 3087 lonc.
823 3038 868 3102 10,
886 3038 930 3089 16.

132 3151 134 3155 ,
183 3106 287 3160 Veram
308 3122 370 3157 cnm
394 3103 507 3172 aliquid
529 3110 627 3156 contra
652 3103 826 3172 coonpelinm
852 3105 1020 3161 docentem

106 3181 244 3243 camum,
260 3181 326 3227 tanc
344 3173 445 3226 halent
462 3170 596 3226 ecclesiae
613 3172 780 3224 mandatam
791 3171 858 3236 Dei,
879 3175 957 3243 qaod
973 3176 1018 3229 ob·

108 3245 265 3302 odientium
275 3242 423 3312 prolilet,
440 3241 543 3295 Mattl.
557 3246 580 3309 7,
598 3243 653 3293 15.-
676 3238 776 3294 Cavete
795 3258 814 3294 a
827 3243 951 3311 psendo-
989 3250 1030 3298 o·'·

100 3313 215 3387 platin
238 3311 342 3380 (tato,
354 3312 386 3363 8:
407 3309 442 3366 Si
460 3309 578 3378 anpelas
594 3311 629 3362 de
647 3308 725 3363 coelo
742 3309 826 3363 alind
844 3261 1035 3382 eoanyciiicm-

809 3403 852 3446 ω,
