2250 3772
106 221 170 287 448
242 217 349 306 Caput
369 218 431 285 ΠΙ.
473 220 526 286 De
550 221 694 287 oratione
715 222 880 290 dominica.

131 388 196 455 DE
223 387 465 455 ORATIONE
491 388 726 458 DOMINICA
748 391 800 456 IN
824 390 965 468 suusslt

260 472 583 555 EJUSDEMQUE
618 476 862 546 PARTIBUS.

109 613 161 680 34.
196 612 308 676 Recita
335 635 416 673 aune
431 611 604 695 formulam
619 615 813 697 precationis
842 615 995 681 aneta

193 731 293 796 Pater
312 740 437 814 noster,
459 729 516 813 qui
537 752 570 795 es
590 729 624 793 in
645 731 752 795 coelis.
796 731 999 798 sanctificent

108 839 226 883 nomen
249 825 348 878 tuum.
391 814 553 879 Adveniet
576 836 712 901 regnum
732 827 834 881 tuum.
868 817 938 882 Fiet
952 836 1004 881 vo·

108 904 214 969 luntas
236 911 306 983 tua,
328 898 410 962 sicut
431 898 465 962 in
486 901 576 965 coelo
597 899 643 964 ita
661 911 693 965 et
713 900 747 964 in
767 913 862 969 terra
896 901 1010 967 Panem

107 998 252 1052 nostrum
272 983 493 1067 quotidianum
514 984 556 1048 de
579 985 672 1049 nobis
694 985 801 1056 hodie.
837 988 883 1051 Et
895 985 1005 1051 remitte

109 1071 204 1137 nobis
226 1068 335 1134 debita
354 1081 473 1147 nostra,
495 1069 577 1134 sieut
598 1078 631 1134 et
651 1093 711 1134 nos
725 1071 914 1136 remittimus
926 1069 1008 1137 debi-

109 1157 232 1222 toribus
252 1153 378 1218 nostris.
414 1155 459 1219 Et
473 1176 514 1218 ne
529 1176 588 1218 nos
604 1154 737 1220 inducas
751 1156 788 1220 in
802 1156 1006 1221 tentationem.

110 1241 178 1309 Sed
196 1241 298 1304 libere
318 1261 377 1303 nos
397 1264 416 1304 a
436 1239 532 1307 malo,
586 1238 675 1320 Quia
701 1251 793 1305 tuum
815 1252 866 1306 est
885 1258 1005 1329 reguum

107 1338 138 1393 et
160 1325 302 1413 potentia
333 1335 366 1388 et
386 1325 490 1410 gloria
511 1325 545 1388 in
566 1325 674 1389 secula
695 1326 891 1413 seculorum,
915 1346 1005 1391 amen.

209 1460 259 1526 35.
293 1460 409 1522 Annon
427 1473 455 1524 et
476 1461 539 1524 alia
551 1460 693 1544 formula
715 1460 913 1528 adhibenda?

191 1576 387 1643 Adhibenda
406 1576 517 1661 utique
538 1576 601 1641 alia
618 1577 760 1660 quaevis,
782 1579 810 1643 si
829 1580 924 1653 modo
940 1598 992 1644 ort·

108 1665 153 1730 tio
176 1665 217 1728 sit
237 1662 329 1739 seria,
351 1682 368 1726 e
388 1662 504 1726 devota
524 1673 630 1726 mente
653 1675 684 1726 et
704 1662 796 1727 filiali
816 1663 989 1730 eordislidu-

108 1751 157 1816 cia
200 1748 333 1824 refecta,
363 1747 397 1811 id
418 1747 505 1831 quod
527 1746 673 1832 exempla
694 1760 880 1815 sanatorum
897 1746 987 1838 passim

107 1837 141 1901 in
190 1834 329 1919 criptura
351 1831 446 1896 obvia
467 1842 629 1898 testantur.

177 1934 301 2005 (Moysis,
322 1933 416 1987 Eeod.
431 1935 478 2000 32,
498 1937 547 2000 11;
564 1931 688 2000 Hiskiae‚
702 1936 728 1987 2.
741 1935 813 2002 Req.
832 1937 875 1996 19,
893 1936 924 1988 15
929 1953 939 1999 ,·
950 1930 985 1984 Je

109 2006 179 2060 diti.
191 2008 216 2073 9,
231 2008 265 2070 2,·
283 2002 379 2061 Assae.
400 2006 426 2058 2.
437 2003 507 2058 Par.
521 2005 563 2069 14,
580 2005 632 2065 11,·
650 2001 759 2059 Esaiae,
778 2020 840 2071 cap.
853 2007 894 2072 64,
910 2008 937 2070 13
949 1998 985 2054 De

108 2074 196 2140 nielis,
209 2091 271 2141 rap.
282 2074 308 2139 9,
327 2074 360 2137 4;
379 2071 576 2141 apostolorum,
587 2069 670 2124 Pauli
683 2077 712 2126 et
723 2070 808 2136 Silae,
824 2073 888 2126 Aet.
896 2073 934 2139 16,
942 2062 984 2132 25.)

161 2192 212 2257 36.
252 2192 315 2254 Sed
335 2215 408 2255 utrm
430 2203 457 2255 et
477 2191 543 2255 Aue
562 2191 671 2255 Maria
687 2194 821 2275 precari
832 2195 891 2277 fas
909 2186 959 2255 rell
1039 2174 1046 2233 Ϊ

192 2309 267 2374 Non
287 2319 334 2373 est
356 2307 413 2371 illa
433 2307 593 2392 precatio,
615 2309 671 2372 sed
693 2309 840 2395 angelica
860 2302 982 2374 salutatio·
1043 2348 1046 2355 ·

107 2394 336 2479 Superstitiosa
357 2393 456 2478 igitur
475 2393 656 2457 idololatria
675 2405 733 2471 est,
754 2395 868 2461 eadem
878 2391 982 2459 Maria

106 2480 293 2564 adjutricem
314 2500 444 2564 precum
463 2488 640 2542 nostrarum
662 2480 864 2563 compellare.

177 2584 194 2650 (
196 2583 307 2636 Errant
323 2579 410 2650 igitur
422 2579 567 2648 pontificii
572 2620 578 2641 ,
603 2578 652 2649 qui
676 2579 749 2634 inter
770 2580 902 2635 formulas
916 2585 981 2648 pret*

106 2652 213 2706 tionum
222 2649 353 2704 referunt
367 2649 468 2702 Jacob.
475 2649 581 2703 Keller.
592 2647 747 2702 katholiseh
757 2641 981 2719 Papstthumarll

108 2718 137 2795 ξ.
158 2727 180 2775 1.
198 2728 218 2774 t.
240 2725 262 2774 2.
281 2736 308 2789 p.
327 2723 385 2771 375.
398 2733 422 2772 a
459 2716 524 2772 Vid.
544 2733 605 2787 sup.
625 2717 658 2770 de
673 2716 762 2772 invoe.
780 2722 878 2787 sanet)
1044 2746 1046 2751 2

178 2840 229 2904 37.
271 2836 379 2900 Oratio
400 2838 552 2900 dominica
581 2849 654 2922 quot
681 2838 773 2901 habet
794 2834 935 2902 membra?
1036 2803 1046 2847 »2

106 3012 110 3017 ,
194 2939 280 3006 Tria.
319 2938 344 3002 1.
358 2935 668 3014 Praefatiunuulam3
688 2939 718 3004 2.
740 2938 905 3025 petitiones
920 2933 977 3019 ipsu

104 3046 237 3089 numero
260 3033 381 3111 septem
388 3046 397 3098 3
418 3023 447 3088 3,
468 3022 651 3087 clausulam.

179 3161 230 3225 38.
272 3158 433 3238 staenam
451 3170 521 3220 suat
543 3160 633 3221 verba
652 3151 925 3242 praefatiunetdae?
1043 3184 1046 3193 .

281 3259 379 3322 Pater
399 3269 516 3335 noster,
537 3258 592 3341 qui
616 3280 650 3322 es
671 3258 706 3323 in
728 3260 835 3325 coelis.
