2250 3772
247 245 300 309 De
319 244 383 309 fine
403 255 436 308 et
456 243 573 310 effectu
594 244 754 331 baptismi.
892 247 956 314 507

86 429 132 494 rsa
147 411 274 495 'efficiens
290 418 417 481 notatur,
434 429 535 482 nempe
552 411 690 494 Qhristus,
714 411 762 483 qui
787 413 958 496 baptismum

86 486 183 551 mtu1t3
208 486 329 552 rtemque
351 481 514 563 effectus-et
531 481 610 563 time²
634 498 699 553 qma
717 499 752 536 ex
770 480 880 538 Chnsto
897 487 958 541 solo

86 566 159 604 mem
185 567 263 604 suam
292 550 378 605 habet
403 550 557 631 bapasmus
582 556 713 632 inputem
741 556 770 604 et
796 550 957 624 efficaciam,

86 619 959 759 ii?iaddidicit&itipbibtt⁸iffiarb⁶qu⁸qu³m

91 840 162 906 DE
193 839 304 908 FINE
334 843 397 908 ET
427 841 647 907 EFFECTU
675 841 908 910 BAPTISMI.
987 869 991 876 ·

120 977 173 1041 17.
210 975 293 1054 Quid
308 990 451 1062 praestat
473 991 527 1042 aut
549 981 668 1061 confert
690 981 885 1063 baptismus?

137 1078 165 1144 1.
189 1076 352 1162 Operatur
370 1074 590 1142 remissionem
610 1091 821 1162 peccatorum.

134 1163 164 1226 2.
185 1162 318 1226 Liberat
339 1186 360 1227 a
380 1174 481 1228 morte
503 1180 534 1227 et
556 1162 706 1228 Diabolo

135 1248 181 1311 Et
202 1249 230 1312 3.
253 1247 350 1311 donat
371 1260 532 1312 aeternam
560 1247 790 1312 beatitudinem
811 1248 958 1313 omnibus

102 1331 240 1417 singulis
260 1332 316 1416 qui
338 1334 471 1398 credunt
494 1334 572 1410 hoc,
602 1332 689 1417 quod
713 1334 811 1398 verba
832 1345 864 1398 et
884 1356 960 1419 pro-

86 1417 218 1481 issiones
238 1417 365 1482 divinae
385 1418 584 1504 pollicentur.

123 1517 179 1582 (Ex
192 1518 235 1571 his
252 1524 338 1588 patet,
362 1534 422 1573 esse
445 1517 529 1572 finem
545 1518 604 1572 sive
621 1517 774 1572 efficaciam
789 1517 919 1588 baptismi
941 1524 963 1574 1.
985 1525 986 1528 ’

86 1586 278 1641 rundationem
302 1603 320 1640 a
335 1587 467 1657 peccatis,
488 1588 587 1643 Erech.
606 1590 651 1655 36,
669 1591 724 1651 2.5;
746 1588 843 1641 Actor.
865 1592 889 1653 2,
909 1589 964 1656 383

86 1657 329 1727 regenerationem
347 1672 380 1709 ac
397 1656 603 1736 renovationem
609 1673 667 1778 ger
681 1656 814 1737 Spiritpm
826 1662 963 1725 sanctum,

86 1726 118 1781 ΙῙι.
131 1727 159 1791 3,
173 1727 191 1777 5
199 1741 206 1791 3
221 1729 243 1778 3.
255 1724 377 1778 omnium
394 1724 590 1779 beneficiorum
632 1725 718 1792 hrist1‚
737 1741 843 1794 emper
859 1724 964 1794 baptis-

86 1811 128 1847 1m
145 1792 298 1860 inserimur,
315 1793 565 1915 pcrtitffationem
586 1792 683 1846 Galat.
696 1796 722 1860 3,
737 1796 786 1862 273
808 1800 831 1848 4.
845 1794 964 1847 salutem

427 1881 437 1916 1

97 1861 186 1917 vitam
208 1868 357 1916 aeternam.

86 1947 158 1996 cere,
177 1935 200 1984 1.
218 1933 296 1985 Pctr.
314 1933 341 2000 3,
360 1933 424 1999 21.)

437 1880 473 1916 no
497 1862 598 1916 dicitm
620 1879 670 1916 nos
697 1861 852 1930 baptismus
871 1863 962 1916 salvos

86 2068 104 2134 3.
145 2065 230 2145 Quae
252 2081 323 2131 soret
343 2070 399 2131 tua
420 2072 513 2133 verba
536 2081 565 2131 'et
582 2069 801 2151 promissiones
823 2068 964 2133 diuinae?

139 2168 208 2234 Ubi
230 2168 389 2233 Dominus
418 2183 526 2234 noster
547 2170 645 2235 Jesus
669 2166 832 2255 Christus,
862 2172 962 2235 Maro.

86 2255 106 2330 i,
129 2254 179 2338 16,
201 2253 296 2318 dicit:
338 2254 393 2336 qui
414 2254 583 2319 crediderit
605 2264 637 2317 et
658 2255 835 2339 baptisatus
857 2255 963 2332 fuerit,

86 2337 161 2402 ivus
184 2338 251 2405 erit.
295 2337 363 2419 Qui
383 2362 458 2405 vero
479 2362 545 2403 non
565 2339 747 2426 crediderit,
771 2341 965 2404 condemna·

86 2433 149 2490 tur.

86 2578 104 2644 t.
152 2574 311 2653 Quomodo
336 2599 407 2640 vero
434 2578 605 2661 baptismus
634 2588 783 2660 operatur
810 2578 966 2638 remissio-

86 2684 123 2723 ra
138 2674 352 2745 peccatoram,
373 2672 548 2745 reperierat,
571 2685 607 2723 aa
630 2661 845 2724 beatitudinem
867 2672 966 2723 aeter-

404 2770 477 2810 aarn
499 2744 617 2810 deaut?

139 2846 237 2928 Aqua
248 2847 377 2929 quidem
385 2845 535 2931 baptismi
547 2846 753 2930 ejusdemque
763 2844 849 2908 nuda
856 2867 966 2931 asper-

86 2954 102 2996 o
124 2931 247 2995 isthaec
264 2954 330 2995 non
352 2931 463 3008 efficit,
492 2931 549 2995 sed
570 2930 647 3014 quia
668 2940 717 2993 est
736 2929 876 2993 medium
897 2930 966 2995 sive

87 3028 299 3081 strumentum
321 3027 407 3079 certo
428 3017 527 3080 verbo
542 3016 614 3079 Deo
631 3013 869 3091 sanctificatum,
891 3037 966 3079 cum

86 3125 118 3166 10
141 3112 173 3165 et
193 3123 252 3187 per
272 3101 358 3185 quod
381 3099 520 3187 Spiritus
542 3110 668 3163 sanctus
691 3098 967 3183 regenerationem

106 3186 347 3250 renovationem
368 3186 402 3249 in
423 3185 589 3272 baptisatis
613 3183 784 3248 efficaciter
806 3197 965 3333 egeratur,

86 3271 233 3355 idemque
265 3269 386 3336 Christi
417 3270 564 3335 meritum
597 3282 628 3335 et
657 3268 794 3355 gratiam
859 3270 968 3336 vinam
