2250 3772
282 208 334 271 De
356 209 549 294 Augustani
571 211 780 281 confessione.
921 215 986 281 615

72 377 137 431 lum
157 377 305 443 fratribus
334 386 384 431 aut
412 378 556 448 sororibus
587 381 756 434 scandalum
773 382 901 448 faciant.
945 385 987 436 Et

70 446 216 513 mannate
240 448 366 514 maclam
390 455 505 499 utuntur
525 448 584 516 r'pssi
606 466 725 501 canones
750 465 819 516 erpa
840 453 906 520 lios,
937 451 988 520 qui

67 522 143 647 ff}
157 515 412 638 {mmmmm
434 525 581 585 emerunt,
605 520 743 587 quomodo
766 520 829 582 fere
853 520 987 574 hactenus

351 703 706 773 ARTICULUS-III.

440 813 493 878 De
515 815 620 882 missa.

145 920 235 975 Falso
263 928 435 974 accusantur
460 925 594 976 ecclesiae
621 932 749 991 nostrae,
777 926 854 994 quod
870 925 986 980 mnsam

68 990 227 1058 a‘boleant5
250 991 385 1043 retinetur
402 991 475 1044 enim
495 993 580 1045 missa
599 995 680 1060 apud
696 1011 762 1060 nos,
775 1001 800 1046 et
817 1011 925 1046 summa
941 1011 986 1048 re·

69 1060 201 1113 verentia
211 1059 376 1112 celebratur.
394 1058 549 1114 Serranum
563 1068 590 1112 et
600 1062 721 1114 usitatae
736 1062 908 1115 ceremoniae
914 1064 985 1130 fere

72 1144 178 1195 omnes,
203 1135 405 1196 praeterquam
424 1131 501 1197 quod
520 1129 617 1182 latinis
636 1131 812 1183 cantionibus
830 1133 985 1185 admiscen-

70 1204 123 1250 tur
141 1196 248 1249 alieuli
261 1195 457 1266 Germanicae,
476 1215 548 1266 quae
560 1199 679 1251 additae
696 1207 759 1251 sunt
776 1201 818 1251 ad
828 1201 985 1255 docendum

65 1265 218 1335 populum.
243 1266 320 1318 Nam
337 1267 378 1318 ad
394 1266 446 1319 loc
463 1284 548 1319 unum
561 1284 631 1334 opus
649 1274 690 1319 est
701 1268 872 1336 ceremoniis,
882 1277 920 1321 ut
933 1272 984 1322 olo-

69 1339 156 1388 ceant
172 1334 325 1402 imparitos.
361 1335 402 1387 Et
418 1353 474 1388 non
494 1337 578 1388 modo
592 1336 702 1388 Paulus
714 1337 859 1404 praecipit
876 1338 920 1389 uti
930 1339 985 1391 lin·

71 1420 133 1471 pua
150 1402 292 1455 intellecta
306 1403 422 1472 populo⁴
433 1403 462 1455 in
481 1405 607 1470 ecclesia,
624 1406 677 1458 secl
692 1405 779 1457 etiam
794 1405 837 1457 ita
853 1408 984 1460 constitu-

69 1479 133 1525 tum
151 1479 192 1523 est
209 1471 329 1524 larnano
342 1473 421 1540 jure.
912 1537 913 1540 Ἴ

144 1540 276 1592 Assuecit
289 1541 423 1608 populus,
440 1549 473 1594 ut
490 1559 548 1594 una
564 1548 681 1594 utantur
691 1550 878 1601 sacramento.
895 1544 987 1612 si'qui

64 1617 140 1662 -simt
157 1608 262 1675 idonei,
282 1609 320 1661 id.
331 1626 441 1677 quoque
460 1617 544 1680 aupet
564 1611 749 1664 reuerentiam
767 1628 801 1663 ac
818 1612 985 1681 relipionem

61 1677 253 1748 ‚publicarum
271 1679 500 1733 ceremoniarum.
527 1680 613 1733 Nulli
629 1681 701 1733 enim
714 1680 909 1749 admittuntur,
927 1682 986 1734 nisi

68 1754 160 1800 antea
178 1746 326 1814 implorati.
369 1747 565 1800 Admonentur
591 1749 676 1800 ctiam
691 1748 816 1800 ltomines
840 1751 875 1802 de
891 1751 984 1820 diani-

71 1823 132 1869 tate
158 1822 184 1866 et
200 1832 255 1867 usu
271 1816 453 1883 sacramenti,
481 1825 615 1884 quantam
637 1817 855 1870 consolationem
880 1821 984 1887 afferat

66 1883 189 1954 pauidis
206 1883 397 1947 conscientiis,
420 1885 581 1937 uidissent
599 1886 664 1938 Deo
688 1887 818 1952 credere,
843 1894 869 1938 et
889 1888 984 1940 omnia

67 1954 149 2006 bona
165 1969 185 2004 a
206 1954 281 2005 Deo·
296 1960 456 2020 exspectare
482 1960 507 2005 et
520 1960 625 2020 petere.
666 1953 722 2005 Hic
746 1954 837 2005 cultus
861 1955 985 2008 delectat

71 2022 182 2088 Deum,
208 2021 276 2073 tales
296 2038 363 2072 usas
380 2022 551 2073 sacramenti
567 2021 621 2075 alit
638 2021 773 2090 pietatem
793 2038 863 2089 erpa
879 2024 982 2078 Deum.

69 2091 177 2156 Itaque
203 2107 260 2142 non
284 2089 416 2142 uidentur
438 2091 519 2159 apud
546 2090 727 2143 adversarios
752 2090 852 2143 missae
873 2093 984 2161 majore

67 2157 210 2225 sclipione
227 2158 300 2225 fleri,
320 2174 404 2225 quam
420 2161 500 2225 apud
515 2175 575 2211 nos.

145 2227 261 2281 Constat
272 2235 370 2279 autem
386 2228 459 2279 lianc
477 2243 586 2295 quoque
602 2226 745 2296 publicam
758 2234 784 2279 et
799 2226 881 2295 lonpe
895 2229 984 2282 mani·

66 2313 148 2350 mam
175 2295 318 2362 querelam
345 2296 466 2348 omnium
498 2297 631 2349 bonorum
655 2296 781 2348 virorum
807 2297 859 2348 diu
883 2298 982 2368 fuisse,

70 2365 153 2435 quod
169 2363 271 2416 missae
295 2365 416 2432 turpiter
431 2365 675 2432 profanarentur,
693 2365 815 2418 collatae
838 2367 879 2418 ad
897 2384 980 2435 quac·

50 2441 154 2487 :stum
189 2433 287 2500 Neque
305 2433 378 2485 enim
403 2434 548 2486 olscmmn
570 2441 625 2501 est,
648 2451 733 2502 quam
751 2434 808 2485 late
820 2442 922 2501 pateat
939 2437 984 2488 lic

63 2502 177 2555 wiern
198 2501 228 2553 in
251 2502 377 2555 omnibus
400 2503 518 2571 templis,
543 2520 563 2554 a
581 2503 711 2570 qualibus
728 2501 900 2554 celebrentur
917 2505 985 2561 mis-‚

65 2586 130 2638 sae,
157 2576 264 2623 tantum
285 2576 405 2638 propter
430 2572 584 2624 mercedem
610 2578 662 2623 aut
687 2570 871 2639 stipendium,
898 2588 983 2639 quam

68 2639 158 2693 multi
183 2647 281 2692 eontra
307 2639 487 2691 interdictum
514 2656 651 2691 canonum
678 2638 821 2691 celebrent.
871 2640 983 2693 Paulus

66 2715 166 2762 amem
185 2707 311 2775 praviter
328 2708 454 2760 munstur
470 2707 529 2775 liis,
548 2707 597 2775 qui
613 2707 729 2775 indipne
746 2714 869 2760 tractant
885 2709 983 2762 euola-

69 2776 192 2839 ristiam,
212 2793 273 2829 cum
290 2777 340 2839 ait,
360 2778 384 2828 1.
399 2775 462 2829 Cor.
474 2778 516 2843 11,
528 2778 565 2828 27
574 2793 580 2827 :
609 2775 664 2837 Qui
682 2776 772 2828 ederit
785 2792 893 2843 panem
910 2777 983 2833 luno

63 2852 123 2898 aut
139 2845 239 2897 ethera
261 2845 374 2897 calicem
393 2845 514 2897 Domini
535 2844 665 2912 initians,
687 2860 754 2896 reus
778 2845 832 2896 erit
856 2847 984 2914 corporis

62 2922 99 2969 ‚ct
121 2913 269 2980 sanquinis
293 2913 420 2969 Domini.
463 2913 567 2982 Itaque
588 2930 651 2965 cum
674 2915 754 2981 apud
776 2929 828 2966 nos
851 2915 983 2968 admons-
1060 2962 1062 2968 ,

62 2989 171 3038 entitur
193 2983 354 3035 sacerdotes
378 2984 414 3035 de
436 2982 488 3035 lioc
508 2990 641 3050 peceato,
665 2982 808 3034 desierint
830 2984 911 3049 apud
931 3000 983 3037 nos

61 3051 202 3123 privatae
225 3051 341 3117 musac,
365 3067 428 3103 cum
452 3052 515 3111 fere
536 3049 633 3103 nullae
655 3049 788 3118 privatae
806 3051 910 3103 missae
926 3051 986 3105 nisi

66 3127 203 3190 qimsstns
220 3137 307 3173 causa
324 3121 429 3184 fierent.

141 3189 238 3257 Neque
254 3189 454 3256 ionoracerunt
469 3187 520 3240 los
538 3187 641 3239 abusus
657 3185 790 3254 episcopi,
809 3185 865 3255 oui,
883 3187 911 3240 si
922 3203 984 3240 cor·

62 3257 207 3312 remissent
226 3274 273 3311 eos
292 3257 323 3310 in
340 3263 471 3325 tempore,
486 3255 578 3309 minus
596 3272 669 3308 nunc
681 3262 753 3308 esset
769 3254 986 3310 dissensionum

955 3392 1068 3520 Γ
