2250 3772
195 245 261 313 212
339 242 447 331 Caput
466 242 511 309 Π.
554 244 606 308 De
629 245 777 328 symbolo
799 246 984 333 apostolico.

267 414 418 483 (Dicuntur
446 414 483 468 ab
510 412 571 466 aliis
597 413 767 481 paternitas,
794 410 892 468 filiatio
918 420 947 470 et
964 428 1059 486 proceri

196 484 385 555 Appellantur
402 482 455 536 hae
473 481 655 604 prpprietates
675 480 743 534 alias
755 481 913 552 relationes,
930 484 1054 565 aetiopes,

199 555 373 610 characteres
400 568 499 621 person
530 568 576 617 es,
605 556 728 630 itemque
756 554 840 605 notae
871 551 1059 608 characteristic

195 638 384 695 personarum.
419 620 457 673 Et
472 620 585 690 quidem
603 624 785 689 proprietates
803 620 948 699 eiiciantur,
972 617 1059 693 quie-si

195 692 272 817 pppis
298 689 423 761 personis
449 688 578 757 propriae
599 694 677 749 sunt,
702 704 754 741 nec
780 688 842 742 alus
864 691 1059 745 communicant

242 778 261 813 n
280 759 352 813 eninr
363 757 451 811 Filius
472 757 564 828 gignit
582 756 703 823 Patrem,
723 772 776 809 nec
788 755 909 827 Spiritus
923 755 1059 828 sanctusgi

198 829 289 894 nitra,
313 843 365 880 nec
386 825 471 879 Pater
493 842 510 879 a
527 825 600 880 Filio
626 830 654 878 et
674 824 779 894 Spiritu
797 832 894 880 sancto
914 828 1044 907 praeeat,

199 903 304 951 contra.
333 895 473 947 Dicuntur
489 895 616 947 notiones
635 893 694 947 sive
707 893 891 963 characteres,
910 896 1025 967 quiahis

195 979 331 1037 personae
350 963 385 1016 ab
397 963 516 1016 invicem
527 970 555 1016 et
569 963 769 1032 dignoscuntur
780 968 809 1016 et
818 963 1017 1019 discernuntur.
1034 910 1059 1019 IS

195 1032 385 1090 observandae
404 1049 461 1103 seq.
489 1031 611 1101 regulae.
650 1030 672 1085 I.
699 1032 794 1100 Opera
820 1033 959 1087 trinitate}
975 1036 1014 1087 ad
1027 1033 1059 1085 iat

194 1110 259 1156 caat
277 1102 383 1161 divisa,
400 1099 453 1154 hoe
474 1106 524 1168 est,
540 1116 631 1168 opera,
649 1117 721 1171 quae
732 1099 810 1153 Deus
821 1099 890 1156 facit
908 1107 987 1157 extra
998 1114 1059 1158 omne

195 1176 350 1225 creaturam
368 1169 441 1223 intra
457 1184 525 1236 sese,
542 1185 598 1223 non
616 1176 681 1222 sunt
699 1169 856 1224 communia
872 1170 963 1225 tribus
975 1186 1059 1243 percon

195 1241 245 1295 aed
272 1238 353 1292 unius
381 1254 515 1308 personae
540 1242 649 1290 tantum
674 1253 725 1306 pro
745 1237 794 1290 ria.
833 1238 880 1294 Sic
905 1240 989 1294 solius
1013 1240 1059 1294 Pet

193 1309 338 1381 proprium
356 1315 411 1375 est,
429 1305 582 1377 ingenitum
603 1321 678 1373 esse;
731 1305 771 1359 ilii
803 1307 930 1375 genitum
948 1305 1059 1376 esse381

196 1377 266 1433 ritus
283 1375 385 1444 saneti,
408 1375 566 1444 procedere.
606 1375 739 1429 Chemmit.
765 1346 848 1431 SC.
869 1375 903 1430 de
919 1376 1016 1431 Trinit
1033 1392 1053 1429 c.

196 1450 270 1518 part.
293 1451 314 1500 l.
341 1462 370 1513 p.
394 1450 424 1498 10
443 1461 520 1513 seqq.
551 1442 629 1497 Bene
655 1444 741 1496 Elias
760 1443 918 1499 Creteaeie:
945 1446 1018 1500 atris·
1032 1461 1059 1514 pr

191 1513 291 1585 priam
315 1521 369 1580 eet,
399 1513 572 1565 naturaiiter
595 1530 615 1563 a
629 1513 719 1564 Patre
742 1512 837 1582 pipai3
871 1512 997 1582 Spiritae
1015 1530 1059 1567 rae

195 1591 287 1636 aetem
314 1580 487 1634 naturaliter
514 1583 548 1633 de
573 1582 663 1633 Patre
685 1583 852 1649 procedere.
891 1584 984 1655 Atqui
1004 1581 1059 1636 iai

193 1653 254 1707 eolo
274 1650 409 1720 differant
427 1650 501 1702 ieter
520 1666 564 1713 aa,
593 1649 726 1702 mimicam
752 1650 904 1704 eeemteadi
920 1654 1059 1721 propriata

189 1738 256 1774 eam
273 1718 453 1786 caeteroquin
473 1725 500 1770 at
518 1719 617 1770 Patria
635 1726 661 1771 e't
680 1725 774 1771 matao
788 1728 917 1787 respecta
938 1729 1000 1775 eant
1015 1732 1059 1775 cett

194 1790 261 1857 tiae,
280 1796 409 1856 maturae,
428 1786 584 1853 dipriitatie,
599 1787 758 1854 potestatie,
770 1788 893 1840 ommium
904 1790 1021 1858 denique
1033 1784 1059 1857 air

188 1877 256 1912 ram
277 1857 397 1910 ratioaa.
436 1858 512 1909 Nam
531 1856 612 1907 Deae
631 1864 656 1907 et
674 1855 828 1923 impertitam
847 1856 993 1927 quiddam,
1013 1864 1059 1922 eta

192 1929 288 1991 mitam,
306 1934 332 1978 et
345 1926 505 1993 procederae
524 1924 725 1991 complectitor.
758 1922 921 1992 Ἀγεννησία
940 1944 1004 1981 vero
1021 1932 1059 1989 etr

191 1996 304 2049 meratio
325 2002 351 2047 et
364 1993 507 2063 praecario
535 2000 599 2045 aeret
610 1994 803 2061 proprietates
822 2002 873 2047 etc.
895 1994 924 2048 in
943 2002 1009 2050 orat
1026 1999 1046 2049 6.

192 2064 300 2134 Spiritu
316 2070 421 2129 saneto,
438 2069 504 2117 tom.
526 2066 548 2115 1.
568 2061 735 2115 Nazianzeu.
755 2078 784 2130 p.
799 2067 848 2117 179
861 2062 895 2115 B.
930 2065 991 2117 Nec
1007 2064 1059 2117 ore

193 2131 270 2203 qaod
295 2130 420 2184 Christus
449 2130 550 2183 dicitur
578 2129 744 2198 processisse
773 2147 807 2184 ex
831 2131 908 2198 Deo,
933 2133 1000 2189 Jah.
1017 2135 1059 2200 8,4

192 2200 342 2266 ammian.
360 2199 378 2251 1.
397 2205 421 2252 5.
444 2198 626 2254 aeranem.
653 2215 677 2252 c.
698 2205 736 2252 ri.
761 2203 781 2249 t.
798 2204 822 2252 a.
844 2200 895 2253 001.
915 2205 966 2255 223
983 2201 1017 2255 D.
1047 2192 1059 2249 1

192 2269 267 2323 enim
283 2267 387 2321 elench.
406 2267 538 2335 phraseos
559 2266 616 2320 sive
626 2266 876 2335 interpretationis3
895 2268 1059 2323 Christusen

212 2336 302 2406 roprie
322 2335 422 2389 dicitur
440 2335 597 2403 ἐξέρχεσθαι
618 2334 699 2402 exire,
721 2335 795 2404 quod
807 2336 923 2390 verbum
940 2332 1059 2393 ibidcml

191 2355 289 2472 Satur,
308 2403 426 2473 Spiritus
439 2421 504 2457 vero
515 2409 637 2472 sauctus,
651 2403 850 2475 ἰκπορεύεσθαι
861 2408 1018 2472 procedere.
1034 2400 1059 2459 V

193 2474 311 2541 Aaalpe.
329 2478 413 2526 nostr.
434 2489 532 2543 evang.
546 2472 672 2525 dominic.
688 2471 877 2531 dom.Exaud.
896 2480 966 2544 part.
978 2482 998 2533 1.
1017 2474 1059 2529 de(

192 2549 217 2600 3.
235 2560 261 2612 p.
273 2548 331 2596 273.
362 2541 400 2596 II.
425 2542 578 2595 Generatia
590 2541 666 2594 Filii
676 2548 703 2592 et
710 2543 857 2610 processio
874 2541 1000 2610 Spiritui
1012 2555 1059 2596 aaa

190 2613 292 2665 haram
312 2627 345 2662 ae
370 2611 520 2662 discrimen
544 2609 698 2663 horriaiiae
723 2617 763 2662 eat
786 2607 921 2680 &perram
946 2613 1043 2666 scimus

191 2681 276 2735 verbo
325 2678 349 2732 ei
367 2696 426 2733 rem
443 2679 532 2747 ipsam
550 2678 609 2732 sive
628 2676 658 2731 τὸ
679 2677 738 2744 ὅτι,
765 2678 926 2750 ignoramus
944 2697 1055 2735 causam

191 2750 304 2804 modum
324 2748 381 2802 sive
399 2746 429 2801 ui
445 2746 526 2805 διότι,
555 2747 614 2799 Dei
630 2747 783 2815 peroratio,
803 2747 895 2817 inquit
907 2751 1059 2803 Noricam

192 2826 260 2872 orat.
281 2825 305 2875 4.
329 2817 363 2870 de
381 2816 453 2869 Filio
471 2816 533 2883 Dei,
551 2824 571 2872 t.
592 2821 613 2869 1.
639 2833 665 2884 p.
688 2822 743 2870 112.
754 2815 784 2870 O.
806 2817 919 2872 cilentio
944 2819 1059 2873 honoret

189 2905 321 2957 mapaam
335 2887 387 2938 tibi
398 2885 541 2955 didicisse,
554 2885 631 2951 aerari
644 2885 753 2951 poeitae
763 2885 808 2939 cit.
843 2886 903 2946 an
916 2896 1008 2941 autem
1017 2900 1059 2940 me

190 2957 301 3025 percitae
319 2954 369 3021 ait,
396 2971 430 3006 ae
447 2955 518 3021 epeia
536 2954 649 3020 quidem
667 2954 788 3021 capelia,
808 2956 912 3006 aeriam
930 2956 982 3008 tibi
999 2956 1059 3009 irate

190 3042 255 3093 pere
273 3040 436 3077 eoaceeeam.
468 3021 613 3083 Qriaeaam
633 3029 674 3073 eet
694 3022 779 3088 ipitar
796 3023 850 3074 ilia
857 3026 1023 3091 processio?

189 3094 260 3145 mihi
276 3092 478 3161 proprietatem
496 3090 577 3142 illarii
595 3090 693 3142 Patris
711 3092 848 3160 adiacere,
872 3110 928 3159 qma
945 3095 1059 3160 perierat

189 3161 234 3213 aie
253 3178 350 3229 erpere
370 3169 424 3222 eet,
440 3168 466 3211 et
484 3175 534 3225 apo
553 3159 606 3210 tibi
621 3160 827 3225 perorationem
846 3161 922 3214 Filii
938 3180 973 3216 ac
986 3174 1059 3231 prae

190 3228 295 3282 moriem
324 3229 451 3296 Spiritus
470 3245 491 3281 e.
520 3227 671 3295 explicabo.
705 3229 764 3290 Quo
782 3230 837 3292 fiet,
855 3238 886 3283 at
905 3226 1059 3284 embadali
