2250 3772
105 226 171 292 490
291 207 419 313 'caput
439 227 499 294 1v.
542 225 596 293 ue
616 226 788 313 baptismo.
899 306 908 324 .

105 394 135 449 in
152 393 244 448 locum
263 409 350 447 coena
367 392 505 449 dominica
522 392 665 464 instituta,
682 394 800 454 ‘Metti
819 397 864 465 26,
880 398 923 453 20.
949 392 984 447 nt

106 479 162 534 que
178 462 219 516 sic
237 470 346 535 motata
362 470 428 517 sunt
445 471 637 532 sacramenta,
655 474 845 535 posteaquam
861 464 940 532 rent,
980 460 985 475 ⁶
1025 486 1027 493 ·

106 533 148 585 eis
159 531 374 601 sipnificabatm·
391 539 598 585 esseoentnrns.
624 533 673 586 An
691 533 779 588 nstin.
799 534 817 588 l.
830 539 854 590 2.
871 536 930 588 cont
966 546 984 585 e

105 600 163 671 lag.
182 617 206 655 c.
220 605 297 655 tut.
311 607 336 657 t.
354 601 406 655 col.
422 605 480 656 803.
519 599 564 654 Ita
581 617 648 672 ergo
666 552 777 672 [ipolia
796 604 856 658 Vct.
872 603 939 658 Μ.
952 616 984 654 rr·

106 677 251 724 eramenta
268 667 448 724 antechristi
465 669 495 723 in
514 685 625 724 carnem
643 670 796 727 adventum
812 672 921 727 fueram
929 666 985 741 qnu'

105 738 178 801 viva,
196 745 265 806 post
290 746 407 791 mortem
430 746 457 791 et
474 739 709 794 resurrectionem
726 742 849 796 Domini
864 739 986 793 amiram

108 809 151 872 (ut
175 804 299 886 loquitur
321 808 498 876 Anpnctinus
523 806 602 876 epist.
624 813 664 863 19.
689 813 710 865 t.
729 815 754 865 2.
780 809 835 867 ool.
855 812 905 875 76.)
926 805 986 862 mse

106 873 198 942 officis
217 874 290 943 sui.)

149 995 200 1061 16.
233 992 320 1071 Quae
338 1017 430 1057 occas
450 1006 645 1058 sacramenta
665 993 753 1058 Noai
778 990 966 1059 Testamenti?

192 1090 286 1174 Quae
308 1094 349 1158 ab
370 1094 441 1179 ipso
464 1092 601 1169 ‘Christo
630 1094 776 1160 instituta
804 1095 908 1181 ipsum
926 1090 987 1158 exhi·

105 1178 210 1244 bitum
229 1189 385 1243 testantur
399 1191 432 1244 et
443 1191 643 1265 praesentem
659 1180 808 1258 offerunt,
829 1180 864 1245 in
884 1176 986 1245 eccleis

104 1286 207 1350 usque
229 1264 271 1329 ad
291 1263 388 1329 finem
407 1264 519 1330 mundi
540 1265 700 1332 duratura.

107 1401 156 1467 17.
191 1399 349 1478 Quomodo
378 1412 574 1464 sacramenta
604 1402 638 1463 V.
662 1412 690 1463 et
714 1401 757 1465 N.
788 1378 917 1467 Testem.
933 1401 987 1464 inte

440 1506 471 1548 se
485 1483 684 1549 conueniunt?

192 1583 397 1650 Conveniunt
425 1584 508 1650 inter
536 1608 571 1651 se
601 1586 629 1649 1.
659 1609 755 1649 caasa
784 1588 927 1670 nitidante
941 1580 985 1646 siu

105 1680 233 1756 autore,
255 1671 311 1755 qui
333 1681 381 1735 est
403 1670 503 1736 Deus.

191 1772 221 1839 2.
240 1774 388 1849 Materia,
403 1771 470 1835 sive
483 1794 616 1835 numero
630 1793 739 1834 rerum
753 1767 984 1839 substantialium,

107 1856 218 1942 quales
240 1856 332 1934 duae,
354 1857 488 1920 verbum
511 1868 542 1921 et
565 1857 765 1923 elementum.

191 1960 221 2025 3.
244 1960 322 2023 Fine
343 1961 487 2042 pancrati,
510 1958 566 2042 qui
587 1969 635 2022 est
656 1958 779 2045 gratiae
802 1956 924 2024 divinae
935 1972 985 2019 con·

104 2042 240 2108 firmatio
263 2056 295 2108 et
316 2042 507 2128 obsignatis.

190 2147 220 2212 4.
242 2147 381 2229 Epirotis,
403 2146 511 2228 qualia
532 2144 676 2209 remissio
693 2156 907 2230 peccatorum,
921 2132 986 2227 justi·

104 2229 227 2312 ficatio,
257 2231 471 2315 regeneratio,
501 2230 627 2313 aliaque
657 2230 810 2294 coelestia
831 2230 928 2313 bona,
948 2240 985 2309 ptr

104 2337 187 2398 quae
210 2314 321 2378 eadem
343 2326 495 2399 tanquam
517 2315 660 2379 efficacia
682 2338 805 2400 organa
818 2315 909 2379 Deus
925 2321 985 2376 uten-

104 2400 191 2464 tibus
215 2399 386 2484 dispensat.

175 2518 244 2584 (Ubi
263 2526 349 2572 nata:
368 2517 431 2572 Hoc
448 2521 576 2587 respectu
596 2523 767 2571 sacramenta
779 2517 815 2573 V.
827 2517 861 2572 T.
869 2533 943 2578 mera,
956 2524 985 2563 n

105 2605 159 2642 aua
176 2604 209 2641 aa
226 2588 302 2641 nuda
321 2587 401 2658 signa
419 2603 509 2657 neque
535 2585 620 2640 fuisse
637 2602 728 2656 neque
750 2586 806 2639 dici
824 2603 912 2656 posse.
939 2580 984 2637 θην

105 2657 146 2710 tia
164 2673 284 2736 namque
304 2662 331 2709 et
349 2655 423 2709 salus
443 2673 493 2724 per
511 2659 684 2708 sacramenta
694 2653 756 2709 Vet.
771 2653 848 2709 Test,
866 2655 919 2709 fide
934 2657 984 2706 uter

105 2725 180 2780 tibus
208 2731 291 2779 etlam
318 2724 419 2778 collata
445 2723 513 2792 fuit3
542 2725 616 2777 unde
644 2723 818 2779 circumcisio
844 2725 867 2778 si
922 2718 984 2793 culm

102 2794 229 2864 justitiae
248 2793 313 2847 fidei
331 2792 446 2860 dicitur,
476 2794 557 2845 Rom
578 2796 666 2859 4,11,
694 2792 759 2862 quia
776 2809 828 2862 per
846 2794 853 2806 '
877 2809 919 2847 am
929 2788 983 2861 just

105 2864 146 2918 tia
162 2870 190 2917 et
208 2863 283 2916 salus
302 2879 352 2932 per
371 2862 454 2916 fidem
473 2862 502 2914 in
524 2868 672 2915 venturum
691 2859 823 2915 Messium
843 2861 895 2916 fuit
912 2854 982 2914 allen

105 2938 134 2987 et
159 2932 315 3002 obsignata.
353 2932 466 2983 Errant
491 2929 577 3000 igitur
596 2930 810 2998 anabaptistae,
840 2930 887 3001 qui
905 2928 981 3003 seui&

104 3000 139 3056 V.
156 2999 190 3056 T.
207 3007 315 3054 tantum
333 2999 470 3068 umbram,
488 3016 544 3051 non
556 2997 617 3067 ipsa
627 2997 763 3052 beneficia
774 2998 876 3053 Christi
887 2997 981 3067 bubuli!³

105 3068 232 3149 rielirant.
275 3068 340 3148 Viti.
355 3069 502 3149 'Wipanct
527 3065 658 3147 anabapt.
680 3085 706 3137 p.
727 3073 758 3122 27
776 3085 807 3122 se
829 3110 842 3148 ·.
877 3058 981 3179 Βθυῶὣί

104 3135 563 3284 itiititftfttffntit
577 3136 978 3276 ttctttttttttt‘ta

104 3274 226 3343 Apocat.
240 3278 285 3342 13,
300 3279 323 3341 8,
344 3274 450 3329 ratione
468 3273 576 3327 scilicet
592 3272 798 3343 beneficiolum,
816 3291 870 3329 non
880 3268 977 3327 advenit
