2250 3772
112 122 154 188 68
352 120 459 208 Caput
480 123 505 187 I.
548 123 600 187 De
620 123 786 210 decalogo.
869 140 872 145 '

112 291 218 345 sionem
235 289 386 360 corporalis
403 295 493 344 terrae
505 289 628 358 canaan,
647 308 720 363 quae
734 292 806 346 solos
820 290 948 346 Judasos
964 306 1043 347 oon·-

111 359 258 441 osrnebat,
275 358 438 413 christianos
456 375 523 413 vero
540 360 782 442 npnnrespisiebat,
807 360 928 442 ideoque
948 357 1036 432 qnasi

108 429 293 483 oeremomale
311 426 346 481 ab
368 427 493 497 apostolo
510 429 666 484 ohnstrams
685 446 742 483 non
758 432 956 500 praescripta)

111 533 163 601 33.
207 533 323 597 Auuou
351 554 422 595 uero
450 532 537 597 salva
561 534 746 597 couscientia
779 535 888 599 iisdem
915 534 1022 609 verbis,

110 619 222 702 quibus
241 619 274 681 in
297 617 440 700 deoalopo
464 629 603 694 uastant,
628 621 749 702 intepra
763 629 933 702 praecepta
953 618 1022 682 rest·

451 705 516 764 turi
528 700 682 785 possent?

195 799 334 865 Possent
355 823 452 878 sane,
475 802 532 866 sed
552 801 587 865 in
608 812 676 867 toto
697 801 792 866 Novo
815 800 1016 867 Testamento

107 885 257 984 nuspiam
289 885 334 984 ita
365 897 560 971 repetuntur.
621 886 798 972 Apostolos
834 908 881 971 1g1
895 909 935 950 ur
965 906 1017 950 nos

106 980 222 1035 mento
244 981 437 1038 1m1tamur.·

106 1074 162 1139 34.
216 1072 299 1149 Quid
327 1075 364 1136 de
394 1073 580 1157 imapiut'bua
612 1085 640 1136 et
668 1073 858 1157 sculptilibus
891 1070 1021 1137 statuis?

167 1181 247 1222 anus
265 1157 338 1220 haee
356 1158 441 1221 salva
463 1160 647 1223 oonsoieutt'a
669 1158 796 1221 tolerari
809 1154 969 1241 possunt?

194 1256 234 1322 Si
252 1267 396 1342 prostant
416 1257 458 1320 ad
480 1257 611 1334 cultum,
637 1257 875 1322 venerationem
896 1257 949 1323 vel
972 1280 1023 1322 su·

107 1342 338 1429 perstitionem,
360 1341 519 1405 abolenda
530 1366 538 1418 ;
563 1341 613 1405 sin
634 1342 749 1420 minus,
771 1352 803 1407 et
823 1340 903 1405 nihil
922 1341 1023 1429 turpi·

108 1426 227 1492 tudinis
267 1427 318 1490 vel
349 1425 487 1489 levitatis
524 1427 659 1505 habent,
698 1425 1024 1506 commonefaotionis,

104 1510 348 1587 aedificationis,
369 1510 531 1589 historiae,
552 1512 724 1578 memoriae
745 1522 777 1577 et
799 1523 929 1577 ornatus
950 1535 1025 1599 gra·

104 1598 154 1661 tia
175 1596 305 1661 tolerari
326 1607 469 1681 possunt.

180 1697 274 1764 (Ratio
292 1713 310 1750 a
328 1694 391 1749 finis
410 1695 574 1765 disparitate
592 1696 740 1766 dependet.
775 1695 823 1751 Ad
844 1695 961 1766 cultum,
978 1713 1027 1752 ve·

104 1766 280 1823 metationem
298 1764 344 1818 vel
362 1764 586 1834 superstitionem
603 1764 739 1836 imagines
755 1770 891 1845 prostant,
909 1766 1026 1836 quando

109 1842 134 1894 1.
153 1836 254 1890 devote
277 1834 437 1888 adorantur.
479 1838 504 1888 2.
514 1833 643 1909 (Templa
661 1840 690 1888 et
713 1833 813 1888 altaria
829 1833 903 1905 ipsis
927 1833 1026 1889 aedili·

105 1910 215 1960 cantur.
258 1909 282 1959 3.
300 1903 438 1955 Amiculis
463 1906 492 1956 et
536 1902 632 1956 smmis
660 1907 834 1957 exornantur.
877 1909 902 1958 t.
920 1901 1026 1973 cereis,

105 1973 239 2041 canticis,
264 1970 365 2025 osculis
386 1976 414 2025 et
442 1969 512 2024 saor‘
534 1970 583 2024 uiis
601 1970 779 2026 honorantur.
817 1978 840 2026 5.
858 1970 1027 2028 Juramenta

105 2046 138 2098 et
154 2047 220 2095 vota
236 2040 304 2110 ipsis
321 2044 525 2108 nuncupantur.
553 2045 577 2094 6.
595 2039 637 2093 De
657 2040 718 2094 loco
737 2040 767 2093 in
786 2040 878 2094 locum
888 2057 1027 2112 pomposo

104 2115 297 2181 exportantur,
309 2108 418 2178 aliaque
432 2125 465 2160 su
487 2106 626 2162 erstitiosa
638 2115 666 2162 et
677 2108 784 2162 ludicra
796 2108 864 2188 ipsis
878 2109 1025 2182 assignan-

107 2183 163 2234 tur.
195 2176 312 2256 Singula
330 2176 401 2229 haeo
419 2126 598 2231 idolllatrioa.
630 2176 669 2232 Vi
688 2194 754 2247 ergo
770 2177 854 2246 primi
870 2177 1027 2250 praesepti,

108 2247 133 2302 si
152 2247 198 2301 vel
217 2262 331 2299 umeum
348 2245 448 2299 horum
467 2245 564 2313 subsit,
584 2245 695 2315 penitus
709 2246 878 2317 abroganda.
909 2246 1026 2302 sivero

107 2321 239 2371 neutrum
258 2331 292 2368 ex
309 2313 353 2367 his
371 2315 561 2383 metuendum,
581 2315 761 2369 sisuuouou'u
780 2314 876 2385 utique
895 2315 948 2369 hoo
966 2315 1027 2373 fine

108 2383 221 2439 tolerari
238 2388 347 2452 potest,
366 2388 398 2436 ut
421 2382 555 2455 imagines
576 2383 632 2436 sint
649 2383 818 2454 exemplaria
839 2388 868 2438 et
890 2382 956 2437 libri
974 2385 1025 2439 tin·

109 2453 256 2508 doctorum
274 2458 302 2506 et
317 2451 635 2507 columnaesmemoriae.
674 2452 758 2514 Quod
774 2452 849 2506 euim
867 2452 1027 2522 tepentibus

109 2522 271 2591 Servitium,
290 2521 342 2574 hoo
359 2521 459 2574 a'dt'ott's
470 2521 645 2573 cernentibus
657 2521 775 2590 pistura
788 2528 929 2591 praestat,
950 2521 1026 2577 Gre-

70 2644 76 2660 .
109 2610 170 2661 por.
189 2590 268 2660 epist
287 2595 311 2646 9.
329 2589 349 2643 l.
369 2595 395 2646 9.
418 2593 438 2644 t.
459 2588 553 2643 2001.
576 2594 650 2644 1046.
670 2589 706 2643 D.
747 2590 869 2642 Pictura
886 2589 917 2642 in
934 2590 1026 2645 eoele-

108 2661 161 2715 siis
179 2660 346 2727 adhibetur,
365 2665 395 2711 ut
412 2659 451 2727 lui,
472 2658 522 2725 qui
537 2658 638 2710 literas
654 2658 904 2725 auctoritatatem
923 2659 953 2711 t'u
970 2675 1025 2727 pa·

108 2730 227 2783 statibus
245 2728 368 2792 uideant,
384 2727 489 2795 lapaut,
509 2742 581 2795 quae
592 2727 685 2795 lupara
702 2727 732 2780 iu
745 2727 888 2780 codicibus
900 2744 955 2781 uon
973 2745 1024 2783 ua·

108 2799 176 2868 tent,
188 2798 308 2866 (ἕτερον.
321 2795 401 2867 epist.
410 2800 466 2851 109.
479 2793 614 2850 adseren.
625 2795 708 2866 episo.
720 2795 739 2850 l.
747 2802 771 2850 7.
783 2800 802 2850 t.
811 2800 836 2854 2.
848 2795 900 2850 ooL
908 2801 966 2851 982.
973 2793 1024 2864 D.)

109 2882 161 2950 35.
205 2883 306 2965 Atqui
324 2883 358 2946 iu
380 2882 436 2950 hoe
450 2893 618 2967 praecepto
640 2883 674 2945 in
694 2883 871 2946 uuiversum
892 2881 1024 2966 sculpti-

313 2966 356 3030 tta
376 2978 405 3031 et
425 2967 573 3048 intapiues
588 2965 819 3050 prohibentur?
984 3039 987 3043 ¹

194 3065 427 3152 Nequaquamz
450 3064 710 3152 distinguendum
729 3066 814 3131 enim
830 3066 883 3131 hio
904 3079 953 3131 est
972 3065 1026 3132 in-

110 3160 159 3215 ter
181 3147 418 3218 εἰκονωποιΐαν
444 3159 475 3215 et
505 3147 752 3218 εἰδωλοποιίαν.
795 3152 917 3216 Facere
941 3151 1044 3219 ima.
