2258 3766
152 279 192 362 1-8
492 280 544 345 De
563 303 587 351 s.
607 292 717 344 saneta

167 500 176 549 ‘.
236 449 276 596 {a
287 449 320 512 A
337 447 460 534 Spiritu
481 459 590 513 sancto
611 448 646 512 in
668 450 817 514 cordibus
839 448 980 512 fidelium
1001 447 1063 510 ob'·

150 556 243 620 signa
278 582 285 596 .

122 644 157 671 ,ι
236 619 265 683 9.
286 617 481 682 Mirabiliter
502 642 521 682 a
541 618 614 682 Deo
636 629 830 695 conservata,
856 629 888 682 et
909 619 1063 682 adversus

151 703 290 770 Satanae
310 702 473 766 machinas
495 715 680 804 propagata.

240 789 290 852 10.
312 785 485 872 Stupendis
515 798 546 852 et
572 788 732 852 nuraculis
754 799 786 853 et
806 788 966 873 martyriis
989 809 1065 849 san-

150 886 275 938 ctorum
296 872 489 935 confirmata.

239 959 288 1021 11.
310 957 472 1042 Perpetuo
502 957 598 1020 totius
628 956 780 1020 ecclesiae
810 967 842 1020 et
863 956 1065 1042 singulorum

153 1041 280 1127 piorum
301 1064 467 1118 consensu,
489 1065 547 1127 per
568 1041 750 1106 universum
771 1052 927 1106 terrarum
942 1042 1065 1117 orbem,

152 1138 280 1213 recepta
300 1137 332 1190 et
353 1137 546 1191 conservata.
1038 1185 1040 1188 .

239 1212 288 1276 12.
310 1211 420 1275 Etiam
442 1212 482 1275 ab
503 1211 582 1297 ipsis
604 1210 767 1287 hostibus,
797 1221 828 1274 et
857 1209 1066 1295 profanorum

153 1295 345 1383 scriptorum
374 1296 556 1360 testimonio
578 1296 792 1381 comprobata.
836 1293 929 1374 Quae
952 1306 983 1358 et
1002 1295 1068 1358 alia

153 1380 333 1445 indubitata
356 1379 510 1465 κριτήρια
538 1379 737 1466 Scripturam
757 1402 880 1444 sacram
900 1379 1068 1445 dedarea-

81 1522 84 1527 .
155 1463 284 1551 osor-(a
307 1465 380 1529 Deo
403 1465 589 1550 inspiratam
611 1463 695 1552 esse)
717 1465 873 1532 evincunt.

225 1583 410 1653 (Argumenta
420 1583 489 1638 haec
503 1590 568 1637 sunt
579 1583 681 1653 partim
697 1582 787 1646 insita,
800 1581 902 1653 partim
916 1587 1068 1651 assumpta.

153 1650 242 1704 Insita
261 1667 278 1704 a
295 1651 401 1720 causis,
420 1650 540 1719 effectis,
571 1650 720 1721 subjectis,
746 1651 898 1720 adjunctis3
925 1655 1070 1719 assumpta

153 1725 220 1773 sunt
236 1721 402 1775 testimonia.
439 1721 511 1774 Sunt
530 1727 623 1774 autem
646 1727 668 1775 1.
688 1726 746 1775 tet
764 1726 788 1774 6.
807 1720 843 1774 ab
858 1719 982 1788 adjunct.
1002 1724 1016 1772 3
1040 1724 1070 1772 et

155 1795 180 1843 4.
197 1805 215 1842 a
233 1789 373 1858 subjectis.
395 1796 417 1843 5.
437 1788 560 1843 aforma
577 1788 773 1870 dispositionis.
791 1796 813 1843 7.
827 1788 863 1843 ab
875 1786 989 1841 effectis.
1011 1793 1037 1841 9.
1051 1805 1070 1840 a

155 1873 242 1912 causa
267 1863 446 1912 conservante
474 1864 498 1913 8.
524 1875 542 1911 a
564 1857 722 1912 testimonio
745 1857 853 1911 interno
878 1856 948 1926 Spir.
970 1856 1071 1910 sancti.

158 1932 198 1980 10.
224 1932 253 1982 11
274 1933 303 1980 et
324 1932 362 1981 12.
390 1943 408 1979 a
435 1926 592 1981 testimonio
619 1933 731 1980 externo
757 1931 924 1996 martyrum,
950 1924 1069 1993 piorum,

155 1995 276 2049 hostium
294 1999 323 2050 et
342 1994 467 2050 aliorum.
495 1994 568 2050 Vide
578 1997 749 2048 Zeuemaoa.
762 1995 826 2048 Bas.
838 1993 912 2061 fidei,
925 2000 1030 2063 quaest.
1046 2001 1068 2049 1.

153 2064 197 2118 th.
218 2070 258 2120 17.
277 2081 305 2133 p.
326 2070 340 2117 7
359 2079 436 2134 seqq.
473 2064 569 2134 Ejusd.
589 2062 723 2118 Antikell.
741 2070 760 2118 1.
782 2071 803 2119 l.
821 2080 886 2133 pag.
904 2068 952 2117 561
972 2065 1042 2131 seq.)

153 2200 206 2265 23.
244 2197 319 2261 Non
346 2221 420 2283 erpo
440 2221 477 2261 ea
498 2201 562 2262 eolo
583 2212 611 2262 et
635 2221 720 2261 mero
742 2199 880 2264 ecciesiae
898 2202 1071 2264 testimonio

344 2285 525 2366 &rapturae
546 2285 697 2346 autoritas
719 2285 887 2367 dependet?

242 2399 334 2463 Non:
365 2401 538 2464 sedetiam
560 2424 600 2465 ex
623 2402 813 2466 enumeratis
835 2403 930 2466 modo
955 2425 1071 2488 κριτη-

158 2480 259 2564 ρίοις,
281 2506 318 2548 ac
340 2483 496 2570 imprimis
519 2509 559 2549 ex
573 2486 689 2550 divinis
704 2485 887 2572 Scriptura-e
903 2486 1072 2550 effectibus

155 2577 189 2632 et
217 2568 389 2634 intrinseca
419 2569 557 2657 Spiritus
587 2594 611 2634 s.
644 2571 678 2634 in
699 2572 796 2636 corde
816 2572 959 2636 fidelium
981 2571 1072 2636 obte-

155 2654 293 2719 statione
314 2666 346 2720 et
367 2655 599 2742 obsignatione.

173 2785 177 2792 ’
226 2771 377 2836 (Ecclesiae
393 2789 483 2840 verae,
501 2773 558 2827 hoc·
572 2780 622 2840 est,
641 2773 825 2827 multitudinis
843 2773 1014 2828 credentium
1027 2778 1068 2828 te-

155 2840 314 2896 stimonium
332 2841 434 2896 iterum
450 2841 568 2896 hicnon
585 2842 733 2911 rejicimus,
752 2844 800 2897 sed
819 2843 939 2910 nudum,
958 2857 1068 2896 merum

155 2915 184 2964 et
202 2910 291 2964 solum
307 2927 364 2964 non
382 2910 449 2965 satis
468 2927 528 2965 esse
555 2910 684 2965 dicimus:
710 2927 773 2964 cum
790 2911 928 2966 internum
945 2910 1068 2981 Spiritus

158 2979 247 3032 sancti
273 2979 461 3061 testimonium
489 2979 664 3101 propnghgd
689 2979 923 3062 confirmationem
945 2984 1070 3034 nostram

158 3048 505 3196 rupiditatis&
521 3065 584 3170 {aa
601 3053 1076 3193 quiiiaidvdiiiiiwdtdi

157 3201 234 3238 mum
261 3185 365 3240 nullius
392 3186 468 3256 apud
493 3203 544 3240 nos
570 3185 700 3255 ponderis
721 3203 781 3242 esse
804 3191 904 3268 potest.
940 3185 1077 3258 Alioquin

158 3252 275 3307 ecclesia
296 3261 318 3310 1.
336 3261 431 3309 eustos
449 3258 478 3308 et
495 3253 574 3308 testis
593 3270 734 3309 sacrarum
752 3254 965 3326 Scripturarum.
986 3261 1009 3312 2.
1026 3271 1075 3309 ve-

157 3323 566 3394 ras,genninasetgermanasa
576 3323 759 3393 supposititiis
768 3324 906 3379 discernit.
922 3324 1077 3380 3.Easdem
