2250 3772
328 283 381 348 De
402 283 602 371 providentia
626 283 743 348 divina.
924 281 991 349 239

54 486 58 499 .
115 455 312 515 pronuntiabit
332 455 486 508 dominium
512 454 559 506 cui
575 463 654 507 actua
680 462 705 507 et
724 472 815 524 capua·
833 465 874 509 eat
899 465 990 510 aeter·

54 518 56 529 '
115 535 153 571 mr
166 522 349 587 beatitudiaia,
374 532 399 576 et
415 525 467 577 loc
485 525 568 577 modo
589 542 645 577 non
662 533 702 576 eat
723 542 793 576 cura
810 525 871 577 Dei
888 528 922 578 dc
943 527 989 579 bo·

114 585 376 661 lciamimatitm,
402 593 470 661 quia
495 611 551 646 uon
573 600 637 644 aunt
660 593 745 661 liujus
769 595 836 658 ficia
860 611 990 663 capaces,

54 658 58 683 ¹
113 656 175 725 Lyco,
189 660 215 714 in
232 662 315 732 gloss.
337 662 364 716 h.
382 662 435 718 loc.
476 663 537 715 Nec
555 663 646 715 obstat
673 667 696 716 2.
716 662 791 732 quod
816 665 905 718 multa
930 671 989 718 tam

112 726 195 782 confuse
211 736 239 785 et
255 731 412 785 inordinate
429 729 512 798 fiant3
529 730 606 783 Deus
626 730 699 784 enim
718 737 760 785 est
779 738 859 787 autor
877 738 905 788 et
924 750 988 788 con-

111 804 202 850 amator
218 799 337 861 ordinis,
357 799 484 854 confusio
507 815 564 852 non
583 804 625 853 est
643 816 660 852 a
678 800 744 853 Deo.
780 801 870 855 Multa
888 803 990 856 rationi

110 870 190 920 lutae
206 875 342 938 apparent
361 868 477 922 confusa
495 874 523 922 et
539 868 652 938 injusta,
671 885 742 938 quae
757 876 851 924 tamen
871 871 992 927 docente

67 944 70 949 '
111 937 248 993 commem.
266 937 315 992 lib.
335 956 408 1008 supr.
427 938 510 1008 alleg.
527 955 554 1006 p.
576 942 623 992 148
643 954 699 1007 seq.
718 955 768 991 nos
787 939 869 993 decet
885 941 988 1010 mirari,

110 999 202 1075 tudae,
218 1012 247 1062 et
261 1007 368 1078 absque
381 1012 550 1062 scrutatione
564 1011 719 1085 acceptare,
730 1015 844 1077 propter
857 1009 990 1079 idipsum,

110 1073 162 1151 quod
176 1075 313 1149 incognita
329 1083 357 1130 et
373 1074 658 1145 incomprehensibilis
675 1081 718 1128 est
737 1075 831 1130 divina
841 1078 987 1147 providen-

77 1144 86 1155 ’
109 1142 142 1198 lt
169 1145 223 1198 Nec
249 1146 340 1199 obatat
366 1151 389 1200 3.
406 1150 602 1214 tempestatum
625 1143 817 1199 inconstantia.
859 1146 932 1203 Nam
957 1153 987 1202 et

160 1212 989 1350 praenarratamaarum

343 1323 351 1350 5

107 1297 218 1404 alitum
236 1352 356 1421 imperio
380 1352 470 1405 latere
495 1370 547 1405 coc
568 1349 674 1419 potira,
693 1369 776 1419 quam
794 1354 988 1407 universitatis

109 1414 318 1489 waramum,
344 1421 464 1489 Acpuat.
492 1421 509 1473 l.
528 1426 552 1473 5.
579 1420 614 1473 de
640 1418 708 1474 Gen.
736 1437 760 1473 c.
779 1427 820 1477 21,
843 1429 864 1476 t.
883 1428 908 1479 3.
934 1423 989 1477 col.

109 1484 182 1540 tua.
222 1490 285 1543 Nec
303 1490 414 1545 obstant
439 1495 463 1543 4.
483 1492 605 1542 monstra
632 1496 660 1542 et
687 1488 811 1545 defectus
837 1493 986 1546 naturales.

109 1546 159 1607 tm
171 1558 236 1611 enim
255 1558 325 1612 haec
343 1557 525 1628 παρεκβάσεις
541 1565 665 1624 naturae,
683 1558 829 1614 Aristotel.
848 1560 895 1614 lib.
909 1567 932 1616 4.
951 1562 987 1616 de

108 1630 199 1687 smeret
217 1626 328 1681 animal.
345 1645 369 1682 c.
381 1636 405 1683 4.
419 1632 440 1679 t.
453 1634 477 1683 4.
495 1644 524 1696 p.
538 1633 596 1681 795.
614 1644 688 1680 num.
704 1632 744 1681 30.
764 1644 839 1698 seqq.
851 1644 907 1682 non
919 1629 986 1685 defi·

110 1687 184 1746 uentcs
198 1695 234 1749 ab
248 1696 345 1753 ordine
362 1713 464 1751 causae
480 1695 641 1750 universalis
659 1696 708 1750 sed
725 1695 908 1765 particularis,
927 1700 987 1754 sive

110 1760 249 1817 ultumas
267 1765 415 1837 distinguit
431 1765 461 1818 in
477 1765 557 1834 prim.
577 1765 688 1818 secund.
710 1772 815 1844 quaest.
835 1772 877 1820 21.
896 1775 945 1821 art
961 1776 983 1835 1,

111 1821 235 1887 iacientes
252 1850 270 1888 a
286 1832 343 1889 fine
360 1834 470 1901 ultimo,
490 1833 538 1904 qui
555 1840 597 1886 est
613 1834 747 1903 perfectio
764 1834 902 1904 generati,
928 1854 984 1890 non

110 1892 172 1952 &fine
185 1904 314 1971 proximo.
329 1903 481 1973 ‘Operatur
499 1901 572 1956 enim
589 1909 690 1956 natura
702 1901 808 1972 aliquid
819 1902 984 1970 formando.)

63 2122 68 2131 .
137 2067 172 2131 12.
213 2072 313 2151 Quam
335 2098 423 2139 cocos
445 2073 676 2159 providentiam
697 2073 943 2159 particularem?

169 2191 236 2274 Qua
257 2194 349 2258 Deus
376 2204 535 2258 creaturas
557 2193 679 2276 aliquas
700 2206 731 2256 et
751 2192 896 2258 homines
917 2217 989 2260 cer·

110 2276 144 2333 tos
160 2279 314 2364 speciatim
337 2280 514 2365 gubernat,
546 2278 702 2361 imprimis
722 2300 797 2342 vero
819 2280 986 2345 ecclesiam

108 2372 172 2424 wrm
189 2364 326 2450 gratiose
348 2364 441 2449 regit,
462 2364 549 2427 fovet
568 2386 605 2427 aa
626 2362 774 2449 protegit.

69 2510 72 2515 ·
156 2480 270 2547 (Paolm.
289 2486 333 2547 31,
353 2486 405 2536 16:
431 2480 513 2536 Oculi
534 2479 646 2536 Domini
665 2497 749 2550 super
775 2481 869 2539 'ustos
911 2483 988 2539 Vide

108 2539 141 2596 Pr.
156 2551 188 2607 73.
208 2557 235 2607 et
253 2553 336 2608 Paal.
355 2555 399 2606 91.
439 2568 469 2605 er
484 2555 533 2604 tot.
570 2548 627 2604 Ubi
645 2559 729 2602 noto:
776 2551 985 2607 uber-nationem

108 2610 158 2670 llic
170 2620 217 2675 Dei
233 2621 280 2675 vel
299 2637 359 2675 esse
376 2638 407 2675 or
457 2619 556 2686 ariam,
581 2635 653 2688 quae
676 2618 708 2671 fit
731 2636 782 2688 per
807 2620 913 2687 media,
941 2622 986 2676 vel

108 2688 330 2759 meminerim,
347 2705 419 2759 quae
435 2688 468 2741 fit
487 2688 532 2742 vel
550 2688 609 2740 sine
629 2686 735 2753 mediis,
757 2688 830 2742 sicut
847 2697 984 2743 sustenta·

108 2753 248 2829 llllloysen
265 2766 299 2814 40
319 2757 386 2827 dies,
405 2759 497 2812 Ecod.
515 2761 559 2820 31,
576 2760 620 2824 21,
644 2763 672 2809 et
689 2756 787 2825 Ellam,
808 2761 831 2810 1.
851 2759 921 2824 Rep.
941 2762 984 2827 19,

108 2822 123 2883 ⁸2
137 2825 172 2879 vel
192 2835 288 2882 contra
310 2833 439 2880 naturam
464 2826 630 2892 mediorum,
658 2825 699 2877 ita
721 2831 795 2878 stare
818 2826 886 2880 fecit
908 2844 988 2881 mare

105 2884 198 2965 rubrum,
215 2898 310 2951 Ecort
331 2899 429 2964 14,17,
451 2894 537 2948 solem
564 2900 591 2948 et
607 2893 710 2961 lunam,
733 2895 918 2962 Jos.10,13‚
942 2912 989 2949 so-

105 2949 309 3034 lfflretroduxit
331 2968 357 3018 2.
376 2966 447 3033 Rep.
468 2966 514 3027 20,
536 2966 577 3027 11,
602 2970 709 3032 petram
734 2962 763 3014 in
780 2968 881 3033 stagna
898 2979 984 3033 aqua-

105 3036 147 3082 mm
163 3035 301 3102 convertit,
328 3033 434 3086 Paalm.
461 3034 521 3099 114,
540 3034 564 3099 8,
594 3031 667 3102 ignis
693 3031 819 3084 ardorem
845 3033 984 3102 exstinxit,

104 3090 159 3151 ⁰⁰2·
173 3105 204 3169 3,
223 3106 274 3170 27,
293 3103 405 3156 leonum
422 3118 470 3154 ora
488 3101 635 3165 conclusit,
658 3102 736 3152 Dan.
756 3109 786 3166 o',
807 3102 860 3159 22.
878 3101 985 3155 ferrum

103 3170 173 3224 mitre
189 3172 263 3240 iecit,
283 3179 309 3225 2.
329 3173 398 3240 Rep.
420 3173 446 3238 6,
467 3176 491 3225 t‘.
528 3169 617 3238 quue
639 3168 708 3222 facit
725 3167 815 3236 Deus,
842 3176 874 3223 ut
900 3178 921 3224 1.
944 3178 987 3225 te·

103 3233 173 3307 ⁸letus,
192 3257 220 3294 se
240 3257 297 3294 non
317 3256 378 3294 esse
402 3238 547 3309 alligatum
570 3237 661 3291 causis
685 3237 828 3306 secundis,
854 3243 886 3291 ut
904 3247 928 3294 1.
948 3240 987 3295 dc

103 3307 260 3376 maduca,
279 3307 473 3363 deficientibus
494 3305 600 3370 mediis,
617 3322 672 3359 non
687 3304 866 3378 dubitemus.)
