2250 3772
104 218 170 284 428
239 214 349 301 Caput
369 214 431 283 111.
467 216 528 301 ,De
548 214 692 281 oratione
714 212 882 281 dominica.

106 388 137 455 5.
185 386 267 464 Quot
288 388 425 449 rnenrbro
447 386 503 449 hoc
531 388 568 450 de
590 386 730 449 oratione
753 386 905 451 domnica
920 384 992 469 eapti

389 473 558 555 qentrutirn
579 469 735 534 continet?

192 573 290 637 Duo:
321 572 350 637 1.
372 572 404 633 in
430 594 537 641 orrea-e
565 569 605 633 de
627 568 771 634 oratione
798 570 865 636 aive
891 568 1006 635 inim·

106 658 194 724 tione
222 657 324 721 docet.
375 662 404 718 ⁸2.
428 638 621 718 h*ormulam
653 654 809 721 orationis
842 654 1021 721 dominicae

107 766 166 829 per
186 754 292 828 partes
314 762 387 804 suas
410 743 568 831 speciatim
588 739 737 824 explicat.

252 892 317 956 DE
340 888 584 956 ORATIONE
605 891 656 955 IN
676 890 879 959 GENERE.

108 1048 138 1113 6.
182 1048 273 1109 rinae
297 1045 477 1110 uocabulum
507 1047 657 1109 orationis
683 1047 717 1107 in
742 1044 908 1132 Scriptura
927 1060 1045 1109 tam!-

291 1154 353 1193 uno
376 1142 403 1191 ut
425 1134 527 1193 codem
548 1132 638 1195 ruodo
659 1129 837 1214 accipritur?

194 1230 279 1295 Non.
312 1230 357 1295 Ut
381 1229 552 1313 plurimum
574 1229 659 1293 enim
680 1231 837 1317 accipitur
858 1228 908 1294 vel
926 1228 951 1296 1.
966 1224 1035 1289 de

108 1316 294 1381 adoratione
313 1314 408 1391 civili,
429 1314 479 1379 vel
500 1316 530 1379 2.
555 1316 595 1378 de
614 1315 766 1402 religiosa
787 1312 980 1381 invocatione.

177 1433 350 1499 (Promiscue
376 1437 548 1501 usurpantur
572 1434 668 1501 oratio,
694 1434 847 1499 invocatio,
880 1428 984 1487 monto
998 1442 1024 1489 3

109 1518 268 1575 quanquam
288 1501 357 1555 hacc
374 1501 560 1570 metaphorice
577 1502 612 1557 de
625 1504 781 1558 reverentia
800 1502 876 1557 civili
895 1496 1029 1573 quantit·-

109 1589 163 1644 que
186 1572 216 1625 in
233 1570 376 1640 Scriptura
393 1569 526 1635 dicatur.)

297 1691 325 1755 7.
372 1688 456 1767 Quid
477 1702 522 1752 eat
543 1692 686 1754 adoratio
708 1690 834 1757 civilis?

194 1793 255 1856 Est
278 1791 396 1867 cultus,
423 1790 479 1874 qui
500 1788 683 1853 hominibus
712 1790 746 1854 in
767 1792 920 1879 dignitate
938 1808 1022 1853 con-

109 1875 226 1941 stitutio
249 1876 397 1941 exteriori
418 1874 596 1939 reverentia
614 1875 790 1941 exhibetur.

179 1994 343 2059 (Definitum
368 1999 410 2048 est
433 1993 572 2058 adoratio,
598 1994 728 2071 quaetio
748 1994 857 2060 dicitur,
882 1990 952 2065 quati
966 1978 1017 2039 ⁸⁶1

111 2081 160 2118 ora
176 2063 332 2129 inclinatio,
360 2063 395 2116 ab
416 2062 549 2131 adjuncto
568 2062 732 2116 orientalum
752 2068 849 2133 gestu,
889 2062 916 2116 ni
930 2059 1016 2135 honq‘

110 2150 167 2186 rem
186 2131 334 2185 exhibituri
354 2129 549 2211 superioribus,
567 2146 617 2183 ora
634 2132 670 2185 ad
682 2148 774 2202 genua
792 2137 821 2185 et
839 2080 921 2202 pedor
935 2122 1016 2203 inda·

108 2201 221 2253 nubant.
258 2199 353 2252 Civilis
372 2200 487 2265 dicitur,
505 2199 571 2279 quia
591 2199 718 2253 exteriori
738 2205 848 2253 tantum
866 2200 1014 2255 reverendi*

108 2267 227 2321 civiliter
245 2268 395 2347 perficitur.
423 2267 521 2321 Descrr
543 2266 581 2321 tio
600 2274 643 2321 est
660 2267 696 2322 ab
709 2269 821 2338 objecto
840 2274 868 2323 et
879 2268 1009 2323 ad'unctt’-

109 2337 155 2392 Sic
180 2353 284 2405 passim
304 2336 334 2388 in
357 2337 501 2406 Scriptura
522 2286 654 2407 ibguntur
676 2338 779 2399 sancti,
800 2355 880 2418 reges
897 2287 1012 2401 tiiottw

107 2405 135 2458 in
155 2404 303 2459 eminentia
321 2405 485 2460 constitutos
516 2406 661 2473 adorasse,
688 2406 791 2475 idest,
819 2406 924 2461 civilem
937 2412 1008 2456 rave*

107 2474 225 2597 {aptium
243 2481 354 2527 externo
374 2481 455 2545 gestu
474 2491 525 2544 pro
544 2474 636 2544 gantis
659 2474 739 2529 istius
758 2473 1009 2529 consuctudinett‘

127 2544 134 2596 i
157 2544 250 2609 uisse.)

272 2664 301 2727 8.
349 2660 431 2739 Quid
453 2674 497 2724 est
519 2664 670 2727 invocatio
694 2664 863 2747 reticioaa?

193 2767 254 2829 Eat
272 2765 385 2837 cultus,
412 2786 476 2846 quo
504 2763 610 2826 virum
632 2776 664 2827 ct
685 2787 794 2828 verum
817 2765 922 2829 Deum
938 2768 1007 2824 tert*

106 2850 169 2914 fide
202 2874 259 2949 per
282 2849 445 2913 Christum
475 2849 699 2925 mediatorem,
730 2872 803 2912 cum
834 2872 892 2936 pro
916 2846 1008 2929 inpt‘

106 2935 228 2999 trandrs
250 2935 344 2998 bonis
365 2933 552 2997 necessariis
573 2932 767 3011 invocamus,
788 2948 858 2998 tum
881 2956 936 3021 pro
953 2944 1003 2991 Μ’

107 3021 207 3106 ceptis
232 3042 305 3083 cunr
326 3017 556 3104 glorificatione
579 3020 697 3103 gratias
718 3020 854 3105 agimus.

175 3136 339 3204 (Definitum
362 3142 404 3191 cst
425 3136 576 3201 invocatio,
600 3153 672 3206 quae
697 3135 737 3189 sic
762 3137 865 3191 dicitur
888 3131 960 3209 quati
976 3122 1014 3210 5¹¹·

107 3204 260 3258 subsidium
287 3213 315 3260 et
340 3206 472 3258 auxilium
498 3205 615 3259 vocatio.
659 3204 691 3259 E.
720 3223 775 3276 quo
803 3203 1016 3261 consecutiam·

106 3276 189 3341 Eum,
208 3274 258 3341 qui
275 3275 428 3338 invocatur,
447 3274 588 3342 ejusmodi
606 3290 665 3327 erae
684 3282 822 3343 oportere,
841 3283 872 3329 ut
889 3270 1020 3329 tnwtcss‘
