2250 3772
319 211 372 277 De
395 211 546 280 conciliis.
823 210 890 281 343

86 376 117 434 el
133 378 331 449 evertentibus3
369 381 487 435 uaedam
499 379 529 435 in
548 380 700 453 disciplinis
720 379 887 438 ecclesiasti·

86 446 137 503 bus
153 448 328 518 adiaphoris,
376 449 464 520 ”sque
481 448 692 505 fundamentum
714 450 811 505 salutis
829 467 887 507 non

86 516 220 584 uentibus3
244 517 382 589 quaedam
398 517 428 572 in
448 519 579 590 utrisque.
619 518 653 573 ld
676 525 800 590 constat,
827 526 849 575 1.
868 534 886 574 e

86 601 138 640 rrae
163 585 245 643 dictis
268 586 302 643 V.
320 585 353 643 T.
387 586 578 656 Speculatores
597 589 693 658 populi
717 588 779 661 (qui
805 590 885 642 erant

86 658 153 708 itum
171 655 319 726 collegium
332 661 360 713 et
377 655 547 727 synedrium)
566 673 660 712 omnes
679 657 797 723 (nemine
809 672 887 726 pror·

86 726 169 794 cepto)
189 731 255 778 sunt
273 723 363 792 coeci,
387 725 456 779 muti
475 741 572 793 canes,
597 727 649 779 Ee.
668 729 755 791 ode.
773 729 817 782 10.
856 724 885 779 A

86 797 113 845 ta
137 809 227 864 usque
253 793 291 847 ad
316 794 487 848 sacerdotem
519 794 655 866 (adeoque
681 793 886 865 presbyterium

86 859 266 930 ›lymitanumi
294 861 411 943 quisque
435 866 557 917 sectatur
580 863 755 918 mendacium
778 864 885 917 Jorom.

105 928 231 986 Verbum
252 929 307 984 De1
323 931 463 1001 rejiciunt,
481 932 543 984 Jcr.
564 934 587 1001 8,
604 936 629 992 Ι8.
644 934 686 988 10.
721 929 884 1003 Coujuratio

86 1002 174 1053 tarum
188 998 218 1052 in
238 999 329 1053 medio
341 1000 400 1070 ejus
418 1000 454 1053 ad
467 1000 638 1054 devorandas
650 999 764 1055 animas.
790 1000 886 1056 Sacer-

86 1066 143 1135 ejus
166 1067 273 1122 violant
294 1067 384 1138 legem
408 1084 515 1137 meam,
541 1075 569 1123 et
592 1069 769 1140 prophanant
789 1073 887 1123 sancta

86 1136 168 1189 deecit.
179 1140 226 1201 22,
243 1139 287 1191 25.
300 1140 344 1194 26.
381 1136 539 1192 Secessistis
559 1155 576 1192 a
593 1137 646 1206 via,
668 1143 697 1192 et
715 1137 886 1192 scandaliza-

86 1204 178 1258 nimos
196 1204 225 1258 in
244 1204 320 1276 lege3
339 1205 448 1259 irritum
465 1205 570 1260 fecistis
587 1212 701 1277 paetum
720 1206 798 1278 legis,
818 1205 887 1260 dicit

86 1290 114 1327 us
130 1273 315 1342 exercituum,
338 1275 466 1329 Maloeis.
485 1277 513 1338 2,
532 1280 555 1329 8.
592 1274 694 1330 Annon
712 1275 765 1330 hoo
782 1280 825 1331 est
844 1290 886 1329 er-

91 1340 192 1396 Annon
210 1342 240 1396 hi
259 1347 381 1398 errantes
401 1349 480 1397 erant
496 1344 616 1414 collegia
634 1345 816 1413 sacerdotum,
837 1340 887 1414 qui

86 1409 169 1464 inaria
195 1416 274 1466 erant
297 1411 461 1467 vocatione?
491 1411 594 1466 Annon
611 1413 705 1467 sedem
723 1429 772 1467 seu
791 1411 885 1466 cathe-

86 1479 226 1533 zenebant?
245 1480 349 1534 Annon
365 1479 460 1535 titulos
471 1481 663 1552 episcoporum
690 1482 888 1551 praelatorum,

86 1553 165 1626 itum,
188 1548 387 1628 prophetarum
407 1550 568 1672 dgerebant?
604 1556 628 1606 2.
653 1523 677 1603 l}
698 1549 780 1604 dictis
798 1550 833 1605 N.
851 1547 886 1604 Τ.

86 1616 200 1686 deipsis
219 1617 366 1687 (episcopis
389 1636 406 1673 a
443 1618 613 1688 pascendam
635 1618 780 1673 ecclesiam
797 1617 851 1672 Dei
868 1633 889 1671 a

106 1690 203 1739 sancto
228 1685 396 1754 constitutis)
420 1693 554 1757 exurgent
578 1686 630 1740 viri
652 1688 797 1759 loquentes
821 1702 887 1808 per·

100 1753 196 1808 Actor.
215 1757 263 1823 20,
282 1757 324 1809 28.
342 1757 388 1809 30.
425 1754 558 1811 Nonnulli
584 1756 762 1810 intervertere
788 1771 822 1809 vo
833 1759 889 1809 unt

86 1820 151 1875 lium
178 1821 293 1887 Christi,
323 1823 420 1880 Galat.
439 1828 466 1891 1,
487 1828 508 1880 7.
550 1825 584 1878 In
606 1824 761 1878 novissimis
787 1823 887 1877 diebus

86 1891 125 1944 uri
141 1897 208 1945 sunt
226 1891 339 1962 quidam
357 1909 374 1945 a
392 1892 463 1960 fide,
488 1894 661 1948 attendentes
684 1892 826 1965 spiritibus
845 1908 887 1946 er-

89 1964 112 2014 1.
133 1959 204 2012 Tim.
224 1967 254 2024 4,
273 1964 300 2013 2.
338 1960 536 2016 Anti-Christi
560 1961 671 2016 evobis
691 1961 793 2032 egressi
813 1963 888 2025 sunt,

86 2044 102 2081 n
123 2033 203 2082 erant
223 2045 257 2083 ex
275 2029 369 2098 vobis,
391 2034 415 2084 1.
433 2031 500 2085 Joii.
517 2033 550 2097 2,
569 2032 612 2083 19.
648 2028 751 2084 Annon
769 2029 822 2084 hoc
843 2033 888 2083 est

86 2103 87 2119 ¹
110 2095 213 2150 Annon
229 2097 360 2152 ordinarii
380 2098 506 2154 doctores
527 2103 555 2153 et
572 2098 702 2179 episcopi,
739 2097 770 2151 ui
788 2115 805 2152 a
824 2097 886 2166 Spi-

86 2169 145 2219 ueto
163 2165 324 2220 constituti?
350 2171 373 2221 3.
385 2167 526 2238 Exemplis
538 2167 597 2224 Scri
618 2172 704 2223 turae.
753 2166 884 2221 oneilium

86 2236 152 2287 itum
165 2234 286 2315 Israelis,
304 2238 327 2288 1.
340 2236 409 2303 Rop.
425 2240 467 2304 19,
480 2239 533 2305 10;
552 2239 579 2288 2.
621 2238 693 2291 orat.
709 2239 752 2304 15,
765 2240 799 2304 3,·
817 2235 888 2290 Pro·

86 2303 419 2442 hufflatta
433 2304 889 2441 tituttnttuitttl,

86 2456 103 2493 e
118 2439 394 2563 totiussynagofiae,
417 2443 465 2512 qui
483 2441 586 2496 Christi
605 2443 769 2511 doctrinam,
793 2457 888 2522 perso-

87 2504 192 2562 fficium
204 2526 233 2561 m
247 2525 326 2563 conci
348 2509 372 2563 is
381 2511 439 2563 suis
450 2511 624 2580 damnarunt,
643 2510 781 2565 Christum
793 2526 888 2580 ipsum

86 2575 266 2647 ljudicarant,
284 2594 302 2631 a
323 2578 425 2639 ostolos
444 2579 488 2640 vi,
508 2596 632 2643 carcere,
651 2596 729 2646 ense,
748 2578 886 2649 sanguine

86 2644 252 2715 insumunt,
309 2648 377 2701 attii.
396 2650 443 2715 23,
460 2650 624 2720 2.13seqq,
641 2653 668 2702 et
688 2666 710 2703 c.
722 2651 767 2717 26,
781 2650 887 2717 dtaeq.

88 2715 395 2785 7,63.et0.28,13,·
422 2717 488 2771 Joa.
508 2717 530 2785 7,
549 2721 590 2773 ra.
611 2719 657 2772 52,
682 2721 710 2772 et
734 2735 755 2770 ο.
774 2719 815 2783 11,
832 2718 885 2783 47,-

91 2784 115 2851 4,
134 2785 160 2838 5.
180 2786 205 2837 6.
223 2788 252 2838 et
272 2801 294 2837 c.
313 2786 338 2853 6,
358 2788 401 2851 12,
420 2788 462 2839 13.
479 2790 507 2838 et
524 2803 546 2839 c.
568 2789 590 2852 7,
610 2787 652 2839 57.
671 2790 699 2840 et
717 2802 739 2838 c.
753 2788 778 2851 9,
789 2786 834 2837 25.
855 2787 886 2837 et

86 2852 112 2902 3.
138 2856 163 2906 4.
179 2851 321 2922 Exemplis
339 2852 470 2908 historiae
489 2853 700 2908 ecclesiasticae.
728 2851 884 2907 Concilium

86 2935 113 2973 m
137 2917 161 2975 L
185 2920 328 2975 damnavit
350 2920 491 3001 militiam,
518 2939 578 2977 ean.
600 2928 639 2978 11.
663 2921 716 2976 vol.
738 2927 759 2976 l.
786 2919 884 2975 concil.

86 2991 119 3069 iij
131 2987 290 3045 damnasset
300 2988 367 3044 item
381 2992 540 3061 eonjugium
551 2990 732 3059 sacerdotum,
745 2989 799 3044 nisi
810 3004 887 3043 unus

86 3060 151 3115 raus
169 3057 332 3121 obstitisset,
357 3076 416 3113 can.
430 3066 453 3114 4.
472 3075 536 3129 pag.
551 3066 606 3114 564.
627 3058 689 3112 dist.
702 3062 744 3114 31.
762 3075 822 3128 cap.
843 3061 887 3112 13.

86 3123 197 3195 giuense
214 3127 379 3197 approbavit
395 3127 596 3182 haereticorum
614 3125 768 3198 baptisma,
784 3125 837 3180 rol.
856 3130 884 3182 2.

91 3209 118 3264 p.
131 3200 181 3251 406
201 3211 278 3267 seqq.
307 3195 474 3250 Toletauum
494 3195 749 3260 1.eoueubinatum,
765 3212 827 3267 cap.
842 3200 885 3255 17,

92 3263 188 3331 concil.
205 3281 271 3335 pag.
286 3269 349 3335 7683
367 3264 538 3335 Ephesinum
550 3264 588 3320 II.
613 3263 884 3336 Eutyebiauismum,
