2250 3772
171 216 211 281 16
357 202 364 213 ⁵
512 220 566 285 Da
586 243 611 288 s.
632 230 742 285 sanda

191 386 240 450 18.
275 386 385 450 Recito
405 410 486 450 nunc
507 388 602 454 libros
623 390 812 474 apocryphos
826 389 909 454 Noa.
928 389 959 451 T
955 402 1060 457 estam

168 519 272 606 Epist.
284 520 324 584 ad
334 521 433 587 Hebr.
443 522 512 586 tab.
530 548 553 587 c.
571 525 611 588 13
637 521 740 607 Epist.
762 522 822 586 ΠΙ
844 523 1004 589 Johannis
1059 525 1077 588 1

167 605 304 692 Epistol.
324 605 443 672 Jacobi
543 607 784 691 ‘bEpistola
804 608 912 673 dudae
1061 609 1078 673 1

168 688 335 756 Posterior
356 691 459 776 Epist.
477 690 567 755 Petri
590 694 609 757 3
635 692 851 777 Apocalypsis
865 692 1044 776 (revelatio)

167 776 269 862 Epist.
290 775 334 839 Π.
355 775 515 842 Johannis
592 780 608 842 1
677 776 837 843 Johannis
1035 777 1080 843 22

267 944 315 1009 19.
358 944 444 1009 Unde
467 957 586 1010 constat
606 947 660 1010 hos
685 969 748 1010 esse
769 947 987 1031 apocryphos?

253 1080 343 1157 Inde,
366 1079 441 1163 quia
464 1102 528 1143 non
550 1081 590 1143 ab
616 1082 764 1146 omnibus
789 1082 823 1145 in
844 1080 1005 1168 primitiva
1027 1103 1080 1146 ec-

168 1165 265 1228 clesia
284 1187 342 1251 pro
365 1175 451 1231 certo
473 1189 492 1228 a
516 1165 656 1230 ostoliois
675 1167 810 1252 recepti:
834 1168 889 1232 sed
903 1167 1079 1232 nonnullae

167 1249 320 1314 ecclesiae
346 1249 386 1313 de
412 1249 451 1313 iis
475 1187 662 1333 aliquandiu
683 1252 885 1329 dubitarunt,
905 1252 1080 1317 nonnullae

168 1335 264 1399 etiam
286 1334 446 1419 aliquibus
469 1334 585 1399 diserte
605 1336 873 1401 contradixerunt.

235 1467 330 1533 (Ratio
357 1485 375 1522 a
401 1469 560 1525 testimonio
582 1470 712 1523 humano.
755 1469 828 1525 Vide
851 1467 949 1523 dehis
969 1469 1078 1524 Ooocil.

166 1537 284 1590 Laodic.
310 1552 371 1590 can
386 1544 427 1592 59.
454 1544 475 1595 t.
495 1545 518 1594 1.
545 1539 643 1593 concil.
661 1556 691 1608 p.
711 1545 768 1594 704.
805 1539 942 1592 Attanae.
963 1536 994 1591 in
1012 1554 1079 1608 syn·

165 1621 224 1675 ops.
234 1610 257 1659 2.
278 1623 305 1675 p.
317 1611 374 1661 133.
395 1612 451 1662 134.
470 1610 510 1661 D.
528 1608 692 1674 Hieronem.
706 1615 732 1661 et
742 1608 863 1662 Nerion.
875 1605 958 1676 alleg.
969 1606 1058 1675 locis.)

165 1758 216 1825 20.
252 1761 316 1824 Sed
336 1782 415 1825 anae
435 1762 568 1844 quadem
589 1773 660 1826 sunt
673 1761 789 1824 valoris
805 1785 873 1825 eum
889 1763 1078 1846 apocryphis

450 1847 567 1910 Veteris
592 1843 797 1910 Testamenti?

248 1963 479 2048 Nequaquam:
514 1964 590 2047 quia
627 1964 702 2028 libri
739 1986 819 2051 apoc
880 1963 913 2026 hi
945 1964 1076 2030 Veteris

165 2048 362 2114 Testamenti
390 2049 519 2113 omnino
549 2059 623 2114 sunt
650 2050 779 2127 incerti,
811 2072 843 2111 m
878 2060 911 2112 ta
940 2048 1073 2114 etiame

163 2135 318 2198 diametro
334 2132 518 2219 Scripturae
533 2135 703 2199 canonicae
721 2134 879 2199 contraria
893 2134 1073 2198 continent:

163 2218 300 2303 ideoque
333 2219 454 2282 nullam
484 2219 518 2282 in
551 2219 730 2283 asserendis
760 2218 835 2283 fidei
867 2219 1073 2304 dogmatibus

162 2302 364 2368 autoritatem
386 2302 513 2370 habent.
553 2303 746 2388 Apocryphi
766 2326 841 2368 vero
860 2303 946 2368 Novi
960 2304 1075 2369 Testa-

162 2387 261 2453 menti
282 2410 347 2451 non
369 2399 443 2451 sunt
464 2410 565 2472 usque
588 2388 668 2453 adeo
690 2387 794 2466 dubii,
821 2389 1072 2474 necquicquam

162 2497 181 2538 e
202 2473 357 2537 diametro
385 2473 556 2538 canonicae
578 2472 761 2560 Scripturae
782 2474 976 2538 contrarium
996 2496 1073 2538 oon-

161 2559 271 2623 tinent.
312 2557 456 2642 Ideoque
477 2559 641 2707 lprobandi
670 2559 766 2625 etiam
793 2559 827 2624 in
848 2559 1071 2624 controversiis

161 2643 236 2709 fidei
257 2641 459 2707 autoritatem
500 2645 603 2709 abent.

231 2776 303 2844 (Etsi
330 2775 402 2831 enim
430 2777 466 2832 de
483 2776 581 2832 iisdem
599 2777 629 2831 in
651 2777 768 2834 ecclesia
790 2777 844 2832 fuit
866 2795 884 2831 a
904 2778 1072 2848 quibusdam

161 2847 333 2914 dubitatum,
354 2846 390 2901 ab
409 2845 471 2900 aliis
490 2852 584 2901 tamen
603 2847 681 2901 fuere
695 2846 814 2917 recepti,
838 2854 951 2916 propter
971 2845 1071 2902 doctri·

160 2932 225 2970 nam
244 2913 442 2968 θεόπνευσιον.
480 2914 648 2970 Dubitatum
665 2915 720 2970 fuit
737 2915 773 2969 de
793 2920 902 2970 autore:
930 2932 987 2969 non
1004 2932 1070 2971 vero

162 2986 198 3039 de
219 2982 359 3051 doctrina,
384 3000 456 3054 quae
474 2991 507 3039 ut
522 2984 674 3054 apostolica
689 2989 810 3054 recepta.
847 2986 959 3037 Emam
975 2991 1070 3039 autem

158 3053 308 3135 pontificii,
328 3052 394 3133 quia
410 3051 535 3108 absolute
551 3070 646 3123 parem
665 3069 729 3106 cum
741 3051 883 3107 canonicis
892 3052 1071 3109 autoritatem

162 3140 193 3176 1n
208 3120 361 3190 probandrs
380 3120 446 3175 fidei
463 3120 640 3192 dogmatibus
659 3120 745 3176 libros
762 3128 822 3175 tum
839 3121 874 3176 V.
895 3128 924 3176 et
940 3121 974 3178 N.
992 3122 1069 3177 'rest

161 3207 179 3244 a
199 3189 336 3260 ocryphos
347 3188 450 3244 habere
469 3190 606 3247 dictitant.
625 3189 732 3244 Concil.
746 3193 828 3246 Trid.
840 3207 905 3246 sess.
918 3196 942 3246 4.
964 3192 1071 3247 Pistor.

200 3259 352 3330 agnetae.
373 3264 394 3314 1.
413 3276 441 3328 p.
464 3262 497 3326 1.)
