2250 3772
103 232 167 298 578
271 228 378 317 Caput
397 230 440 298 V.
482 230 536 296 De
556 252 659 296 coena
679 231 852 301 dominica.

176 400 194 467 (
195 400 307 453 Errant
324 397 410 479 igitur
423 398 596 467 Odoiaiom',
612 398 662 470 qui
673 417 725 470 per
744 399 806 454 indi
847 416 879 455 os
893 399 996 455 homiues

103 467 171 523 fidei
188 466 313 522 infirmae
332 466 500 539 mtelligunt.
524 470 634 523 Busan.
649 468 770 525 institut.
856 468 954 525 laclia
965 475 996 524 tt

126 555 152 592 u.
173 541 229 592 136.
247 552 312 606 pag.
332 541 389 591 840.
408 553 477 590 vers.
501 535 572 590 alius
589 541 651 606 etc,
690 537 720 591 ui
741 542 840 594 tamen
863 538 893 592 in
909 552 998 609 praece

106 555 316 728 iacti
336 603 391 726 {a
408 604 623 728 latur
641 606 928 731 raserat
941 624 1000 689 u·

104 718 167 799 rum
184 690 392 797 eonfiinimdse'
404 757 434 795 er
454 759 471 822 0
484 690 576 797 &aaa
581 743 729 824 instituta?
763 692 814 800 *sin
828 744 904 799 enim
914 692 1002 823 qulffi

106 812 166 879 lidi,
186 828 256 880 opus
267 809 373 864 habent
390 759 505 875 mearco,
527 810 578 865 sed
588 810 698 880 mfirmr,
715 815 827 867 Masta.
842 816 942 883 ,9,12..
960 811 1001 877 uu

106 886 131 935 2.
149 879 179 933 hi
196 877 325 958 indigni?
360 877 431 932 Cum
449 895 505 934 non
522 887 668 935 accersant
685 879 742 935 sibi
764 882 910 952 judicium
933 886 942 947 (
973 880 1002 935 od

107 948 142 1003 de
161 947 283 1017 indigms
301 947 443 1016 apostolus
461 947 569 1013 scribit,
593 953 619 1005 1.
638 947 703 1003 Gor.
725 954 770 1016 11,
790 953 860 1020 29).
964 954 1004 1003 unt

104 1033 169 1070 nam
190 1032 225 1070 ue
241 1014 305 1082 fide,
334 1015 401 1070 licet
417 1015 535 1085 infirma,
552 1033 641 1088 grano
659 1018 722 1071 sina
742 1017 767 1072 is
785 1018 884 1088 simili,
901 1024 1004 1075 attam

105 1085 143 1140 ad
189 1083 308 1139 tissimos
319 1084 503 1139 tentationum
515 1093 621 1140 montes
631 1092 709 1140 trans
722 1088 846 1143 ersndos
857 1088 1002 1151 sufficiente

105 1155 212 1235 110111.
229 1156 271 1221 17,
291 1156 337 1221 20,
356 1153 441 1234 idque
457 1171 513 1208 non
532 1154 669 1235 {lignitate
689 1172 758 1237 sua,
776 1157 830 1237 sed
848 1154 1003 1238 viuoorrclrli

104 1220 755 1373 110111011111κέ1οῇ111ωῇ
780 1224 1003 1349 Qua

106 1360 328 1498 {araca
340 1357 684 1500 uastauere,
706 1334 1003 1497 altaria

105 1497 155 1552 sed
173 1495 301 1568 aegrotis,
321 1512 354 1550 co
405 1497 511 1552 ralibus
527 1498 630 1552 morbis
649 1497 861 1569 laborantibus,
881 1500 952 1572 quod
966 1514 1003 1569 pr

104 1571 178 1620 tete
199 1581 274 1635 seqq.
298 1570 326 1619 et
372 1567 493 1619 orminos
516 1566 605 1620 multi.
640 1566 697 1622 Ubi
723 1567 853 1638 imperiti
869 1574 946 1637 sunt,
965 1565 1003 1638 qui

105 1634 151 1689 vel
168 1634 221 1688 hoc
239 1633 349 1688 nomine
366 1633 489 1688 infirmos
501 1633 620 1705 intelligi
637 1642 774 1705 esserunt,
795 1654 864 1692 cum
874 1638 1002 1720 impiorum

104 1720 177 1757 mors
189 1702 218 1755 in
230 1701 373 1771 Scriptura
383 1703 511 1773 nuspiam
522 1720 617 1757 somno
627 1703 804 1763 assimiletur.
826 1705 1001 1777 Perspicillun

105 1771 153 1826 isti
169 1787 237 1825 naso
256 1771 399 1840 applicent
416 1778 444 1826 et
460 1772 556 1843 legant
570 1773 685 1828 Daniel.
698 1776 744 1841 12,
756 1777 784 1828 2.
800 1780 831 1828 et
843 1775 881 1831 de
892 1771 1002 1857 impomi-

104 1840 228 1896 tentibus
251 1839 363 1910 regibus
383 1843 407 1893 1.
425 1842 495 1910 Ray.
514 1845 556 1909 14,
575 1844 618 1895 15.
637 1844 672 1894 16
689 1850 716 1895 et
726 1844 776 1895 22.
821 1843 922 1900 Manet
935 1842 1002 1924 igitur

105 1909 300 1976 indubitatum,
318 1925 368 1978 per
384 1909 442 1961 indi
483 1927 513 1963 os
530 1909 648 1980 intelligi
660 1910 828 1976 incredulos,
840 1912 1000 1983 impoenrter

104 1985 146 2033 tes
165 1977 333 2048 hypocritas,
353 1978 400 2047 qui
418 1978 438 2031 fi
458 1996 501 2032 em
520 1978 632 2049 quidem
650 1979 679 2031 in
698 1985 827 2049 tempore
847 1980 1000 2052 profitentu.

105 2047 154 2101 sed
173 2053 202 2101 et
220 2052 313 2100 tamen
329 2045 387 2100 sine
407 2046 478 2100 seria
497 2046 668 2117 poenitentia
686 2054 715 2102 et
730 2049 880 2118 proposito
893 2048 1000 2105 emenda·

105 2115 188 2169 tionis
209 2116 246 2169 ad
264 2131 387 2169 mensam
405 2115 518 2169 Domini
536 2117 684 2180 accedunt,
707 2117 794 2171 etsie
815 2118 873 2174 sibi
893 2119 955 2190 ipsis
966 2118 1000 2187 ju·

107 2183 209 2238 dicium
227 2194 345 2253 sumunt,
364 2189 388 2238 1.
404 2184 467 2240 Cor.
486 2190 527 2251 11,
546 2187 589 2239 27.
605 2186 668 2252 29.)

137 2355 187 2419 60.
235 2353 317 2434 Quid
337 2376 406 2418 vero
428 2357 580 2439 occipiunt
601 2358 722 2440 indipni
741 2359 796 2421 isti
816 2361 852 2420 in
872 2356 977 2425 coensi

189 2488 355 2574 Integrum
376 2488 506 2571 quidem
526 2500 768 2567 sacramentum,
791 2493 903 2576 quoad
917 2506 1000 2558 exter-

105 2598 183 2638 num
211 2597 321 2649 usum,
354 2573 410 2637 sed
441 2597 506 2638 non
535 2574 641 2658 quoad
673 2574 814 2640 fructum
850 2578 1000 2651 internum,

104 2661 166 2724 hoc
186 2672 243 2736 est,
265 2658 425 2743 accipiunt
445 2658 665 2723 substantialia
678 2664 885 2742 sacramenti,
905 2681 999 2746 nempe

104 2768 215 2809 verum
237 2766 351 2830 corpus
371 2744 639 2809 sacramentaliter
657 2745 716 2808 sub
735 2768 832 2831 pane,
856 2760 890 2813 et
909 2766 999 2813 verum

106 2829 295 2915 sanguinem
308 2829 576 2893 sacramentaliter
588 2830 648 2892 sub
663 2829 755 2907 vino,
779 2854 894 2897 verum
908 2830 999 2898 remis·

105 2915 227 2980 sionem
254 2925 457 3000 peccatorum
489 2915 614 2998 aliaque
647 2914 806 2981 beneficia
838 2914 998 3003 spiritualia

105 3024 170 3066 non
192 3000 379 3150 percipiurgt.
410 2998 480 3065 Sibi
502 3021 639 3082 namque
659 2999 693 3063 in
707 3001 865 3084 judicium
880 3010 997 3074 sumunt

105 3088 133 3151 1.
157 3087 338 3170 Cor.1l‚2
361 3137 367 3151 .
