2250 3772
102 216 168 284 3ῖῦ
230 215 337 303 Caput
358 216 400 280 11.
443 216 497 280 De
519 213 666 300 symbolo
689 213 877 301 apostolico.

106 385 191 468 debet
205 400 267 441 esse
283 384 413 441 omnibns
429 383 552 465 numeris
569 382 703 452 perfecta
739 380 783 437 At
799 380 883 441 etisn
898 398 921 437 st

106 472 237 536 simorum
256 471 341 525 opera
351 458 417 536 nint
429 459 624 534 contaminem
651 459 675 506 t
685 450 853 522 Exemplum
863 450 921 507 Abi

104 523 318 665 fflbgiubsffi,
326 540 385 646 iffi}
396 522 693 661 ffigdaiaubqnomm
710 536 829 591 opernm
840 537 921 577 eursu

235 633 243 663 ‚
568 631 575 643 .

105 737 135 803 8.
172 737 345 803 Secundum
373 761 466 823 quam
495 750 640 802 naturam
664 735 808 799 C'lsristm
837 746 882 800 est
907 757 921 795 i

483 817 632 907 justitia?

193 936 368 1002 Secundum
393 952 566 1023 utramque.
608 939 669 1002 Est
690 936 777 1001 enim
794 936 921 1004 Jehove

105 1021 191 1086 stitia
211 1032 321 1087 nostra
341 1023 382 1087 ab
398 1035 537 1101 aetemo‚
555 1023 623 1090 Jcr.
639 1023 691 1099 23,
706 1023 744 1099 63
767 1020 921 1086 secundm

104 1127 233 1171 manum
255 1129 330 1173 vero
352 1120 497 1173 naturam
518 1109 620 1173 factus
641 1118 687 1172 est
704 1106 798 1172 nobis
814 1131 834 1171 a
848 1106 921 1171 Pati

103 1191 191 1256 stitia
210 1203 242 1256 et
263 1193 479 1271 sanctificatio,
501 1207 534 1259 et
552 1191 724 1269 redemtio,
747 1193 776 1259 1.
803 1192 873 1258 Cor.
896 1192 921 1275 l¹

176 1324 261 1391 (Vide
284 1326 321 1382 de
346 1325 400 1381 hac
426 1326 590 1398 quaestione
617 1343 702 1407 supra
727 1324 765 1379 de
788 1323 884 1379 officio
907 1320 921 1375 l

108 1395 203 1453 Unum
220 1394 266 1449 hic
282 1404 368 1449 noto:
381 1396 521 1465 justitiam
536 1395 591 1451 Dei
609 1396 673 1476 dici,
692 1411 765 1467 quae
781 1411 877 1448 coram
892 1390 921 1447 D

107 1456 155 1522 let,
173 1464 254 1517 Rom.
276 1466 304 1531 3,
320 1466 372 1533 20,
399 1471 496 1535 estque
518 1464 720 1534 perfectissima
739 1463 811 1534 legis
838 1463 875 1516 im
897 1461 921 1515 le

106 1531 188 1586 nobis
211 1531 323 1602 quidem
345 1533 491 1603 requisitis,
517 1533 567 1587 sed
588 1550 606 1588 e
624 1532 735 1586 Christo
753 1536 851 1586 nostro

106 1599 259 1655 fectissimii
276 1617 327 1654 sna
345 1600 504 1656 obedientia
521 1607 550 1656 et
567 1601 755 1656 satisfactione
768 1601 912 1670 praestita

108 1668 211 1722 dicitur
230 1668 313 1725 etiam
326 1670 438 1739 justitia
457 1669 567 1725 christi
602 1671 713 1724 Dicitur
731 1675 759 1723 et
771 1664 920 1738 justitiafi

107 1736 176 1806 fide,
194 1754 247 1860 Ber
263 1736 346 1818 iidem
380 1741 451 1862 ἔξω
468 1737 538 1794 fides
555 1756 617 1794 eom
636 1739 665 1791 in
683 1737 865 1808 promissione
882 1752 921 1792 eii

106 1822 194 1876 appre
214 1807 298 1861 endit.
333 1778 379 1864 dn

440 1807 509 1864 fides
552 1815 646 1878 roptei·
668 1806 871 1877 apprehensam
891 1810 921 1859 ea'

108 1875 212 1930 stitiiim
231 1875 333 1929 dicitur
350 1877 518 1946 imputaria
552 1875 698 1948 justitiam.
735 1875 847 1928 Dicitur
866 1874 920 1944 etj

107 1943 259 2014 imputate,
283 1962 383 2014 nempe
400 1963 451 2015 per
466 1944 564 2002 fidem.
589 1948 669 1999 Rom.
688 1948 718 2013 i,
738 1947 765 1996 3.
784 1950 813 1998 et
826 1960 903 2014 seqq.

105 2013 702 2138 cistertiensis,ttrite
721 2012 921 2135 liii

108 2154 151 2204 est
173 2167 191 2204 a
213 2150 294 2205 nobis
315 2151 382 2220 ipsis
400 2151 541 2221 praestita.
581 2152 684 2207 Nostra
700 2099 795 2205 interii
834 2155 860 2218 t,
884 2164 920 2219 qu

106 2217 162 2271 fide
181 2218 339 2273 indubitata
363 2220 610 2290 apprehendimus,
637 2225 660 2274 l.
683 2221 747 2274 Cor.
768 2224 798 2286 1,
816 2222 864 2271 29.
907 2218 921 2271 i

102 2286 261 2355 pontificii,
281 2288 346 2341 duni
368 2289 499 2343 'ustitiam
516 2287 587 2357 fide,
613 2305 662 2358 spe
681 2295 709 2342 et
726 2286 875 2341 dilectione
892 2302 921 2341 co

108 2359 244 2410 asserunt.
272 2306 379 2410 Ueneti.
399 2359 425 2409 T
440 2358 526 2414 idest.
540 2374 605 2411 sess.
621 2363 644 2411 6.
657 2374 682 2414 c.
696 2362 720 2412 i.
745 2356 886 2412 Bellorm.
906 2354 921 2407 l

104 2421 195 2505 justif.
213 2438 236 2476 c.
247 2431 281 2503 .‘¹·
300 2430 364 2505 ³24·
383 2377 438 2481 eoi.
452 2432 504 2482 984
522 2443 599 2506 seqq.
634 2425 674 2480 At
691 2424 839 2479 dilectione
857 2430 886 2479 et
901 2438 921 2493 q

105 2490 254 2572 qustificeri
272 2492 416 2573 Scriptura
435 2513 490 2550 non
508 2501 619 2563 assent,
638 2511 690 2549 nec
710 2499 732 2548 2.
747 2493 877 2564 justitiae
894 2508 921 2561 sp

105 2560 233 2631 iustitiae
250 2561 404 2618 dilectionis
422 2563 559 2633 meminit,
584 2580 636 2617 nec
654 2569 678 2617 3.
698 2562 744 2616 vel
763 2561 894 2629 verbulo,
915 2578 921 2612 i

105 2628 308 2699 justificatione
337 2631 443 2703 agitur,
475 2632 631 2688 dilectionis
662 2631 829 2687 mentionem
858 2628 921 2684 facit

108 2704 132 2753 4.
148 2698 356 2767 justificationis
372 2700 495 2756 fructum
511 2718 570 2757 esse
589 2700 671 2770 dicit,
695 2705 724 2755 et
742 2706 765 2757 5.
783 2716 802 2755 a
819 2696 921 2770 justitie

94 2766 248 2853 ''excluditl

105 2948 108 2955 .
153 2887 183 2952 9.
216 2889 322 2953 Eceiir
342 2887 421 2953 fides
444 2892 487 2954 ad
498 2890 753 2972 justificationem
773 2890 921 2953 necessari

106 3042 110 3049 ·
191 3002 280 3086 Quia
302 3008 372 3072 sola
398 3016 431 3071 et
459 3029 525 3070 una
551 3005 630 3069 fides
656 3015 705 3069 est
723 3004 868 3069 medium
891 3024 921 3067 se

107 3098 335 3189 estrumentum,
363 3114 427 3193 quo
450 3090 630 3191 Christum·
645 3112 718 3154 cum
746 3113 805 3191 sue
827 3086 921 3153 obedi

100 3184 228 3256 iustitie
249 3188 281 3241 et
302 3187 415 3265 merito
437 3175 704 3262 apprehendimus
725 3175 884 3261 nobisque
914 3194 921 3235 i

104 3278 226 3325 oemim.
