2258 3766
455 227 629 362 Scriptura.
830 372 833 379 Ι
956 272 997 337 19

77 443 220 514 divulgat,
217 436 363 566 Eoponit,
368 441 518 524 praedicat,
528 423 694 524 promulgat,
702 441 906 512 iuterpretatur,
914 457 996 524 expo-

64 562 68 568 .
79 515 132 583 uit,
143 519 197 567 cto.
262 519 330 565 rant
346 517 431 581 igitur
438 511 587 580 pontificii,
605 529 652 582 qur
663 511 722 566 Scri
743 518 822 566 turae
832 529 854 564 s.
862 515 994 565 autorita-

78 589 138 637 tem
168 598 187 636 a
210 582 269 635 solo
296 579 428 634 ecclesiae
450 579 605 634 testimonio
628 529 798 652 dependere,
825 580 1013 655 easdemqueu

78 651 129 713 illi,
150 649 203 704 hoo
220 656 270 712 est,
288 655 320 702 ut
336 647 391 718 ipsi
408 647 633 718 interpretantur,
651 648 789 720 pontificis
806 648 840 702 R.
858 649 993 704 taxationi

80 718 268 791 subjiciendas
299 735 359 772 esse
384 723 517 772 asserunt.
567 718 625 772 Vid.
655 717 813 788 stapleton.
840 717 870 771 in
898 718 993 776 relect.

79 786 449 912 idniipafibfflit
469 792 789 912 tib⁰⁶2⁵d³id⁹⁵t
804 791 840 909 eb
852 787 992 910 Bibit

80 933 173 980 autem
193 930 236 980 est
253 925 294 979 rei
311 923 433 978 valorem
448 930 477 978 et
489 923 608 993 pretium
631 923 783 979 aestimare.
813 921 925 978 Vanum
940 930 991 993 est,
1030 988 1033 993 Ι

80 994 155 1066 quod
176 993 223 1047 hic
247 993 404 1063 applicant,
431 993 579 1063 effugium:
609 1009 670 1048 esse
695 992 801 1046 scilicet
819 992 991 1062 Scripturam

81 1063 195 1118 verbum
206 1061 261 1116 Dei
278 1078 328 1132 per
346 1078 389 1116 se:
409 1077 505 1114 verum
522 1061 602 1116 nobis
619 1062 648 1115 id
664 1079 720 1116 non
737 1077 798 1116 esse
818 1061 991 1131 exploratum

81 1131 132 1185 uisi
148 1148 199 1202 per
216 1130 371 1197 ecclesiam,
392 1130 547 1198 Stopleton.
567 1130 662 1185 relect.
676 1129 793 1201 princip.
806 1128 851 1183 fid.
865 1136 951 1184 contr.
965 1136 990 1189 4.

81 1207 184 1272 quaest
206 1204 227 1255 1.
247 1204 297 1253 art.
318 1205 340 1254 ῖ.
359 1216 385 1268 p.
408 1205 457 1254 429
477 1215 533 1280 seq.
570 1199 677 1253 Contra
696 1203 718 1253 1.
738 1197 917 1253 terminorum
932 1215 990 1252 am-

80 1269 244 1340 biguitatem
261 1267 307 1322 hic
322 1273 456 1322 remotam
468 1283 606 1349 cupimus:
625 1284 677 1322 nec
689 1283 831 1322 romanam
844 1266 989 1321 ecclesiam

82 1339 136 1392 sive
162 1353 266 1407 papam
292 1352 385 1390 veram
411 1336 557 1391 ecclesiam
584 1336 767 1407 agnoscimus.
800 1341 825 1390 2.
846 1334 990 1406 Scriptura

82 1413 127 1460 aut
144 1423 178 1460 ex
197 1422 227 1460 aa
244 1405 365 1459 divinam
385 1405 562 1460 autoritatem
579 1405 709 1463 habebit.
733 1405 813 1474 eique
838 1420 889 1473 per
913 1422 943 1459 se
961 1410 989 1460 ot

83 1481 192 1544 propter
215 1491 245 1528 se
269 1473 438 1528 credendum
455 1480 511 1528 est:
535 1479 585 1528 aut
608 1479 721 1544 propter
738 1472 871 1527 ecclesias
886 1474 987 1527 autori-

80 1549 172 1600 tatem.
219 1542 249 1598 Si
275 1542 343 1609 hoc,
373 1542 437 1612 pius
463 1542 612 1597 tribuimus
632 1541 776 1610 ecclesiae,
826 1557 890 1595 uam
916 1541 986 1598 Deo.

80 1612 194 1682 Propter
219 1611 294 1682 quod
316 1611 390 1665 enim
412 1611 573 1680 unumquod
593 1628 628 1666 ue
653 1611 708 1665 tale
726 1615 781 1679 est,
807 1627 817 1663 1
839 1610 877 1664 ud
896 1611 985 1682 magis

80 1680 133 1738 tale
152 1685 200 1735 est.
231 1680 271 1733 At
292 1679 427 1734 absonum
444 1679 504 1736 hoc.
523 1680 555 1734 E.
575 1629 663 1734 tdieue
682 1679 822 1746 Chrysoct.
836 1678 928 1733 homib
942 1688 984 1735 49.

79 1754 105 1807 in
120 1750 199 1803 Muta
223 1751 243 1804 t.
264 1753 287 1804 2.
313 1748 363 1802 col.
386 1754 458 1804 1101.
477 1748 511 1803 Α.
565 1750 657 1802 Nullo
684 1750 767 1801 modo
798 1749 984 1816 capadocitcr,

134 1818 201 1871 ecit
218 1833 287 1871 vcra
306 1818 433 1885 ecclesio,
450 1817 507 1870 cisi
527 1819 717 1871 tantammodo
732 1834 788 1886 per
810 1815 986 1883 Scripturas.

79 1838 133 1944 Εἴ
144 1901 210 1958 ergo
231 1885 291 1940 Scri
312 1891 374 1940 tura
391 1887 489 1956 regula
506 1887 652 1954 ecclesiae,
679 1903 735 1940 nou
756 1889 853 1938 contra
868 1884 986 1939 ecclesia

79 1957 250 2026 Scripturas:
301 1953 456 2007 attestatas
477 1961 498 2008 1.
518 1954 688 2025 Scriptorum
706 1971 763 2007 non
779 1969 861 2023 posse
873 1953 986 2022 probari

79 2045 126 2100 per
150 2023 335 2093 scripturam,
361 2041 424 2077 cum
449 2023 537 2077 omnis
560 2023 687 2093 probatio
709 2021 758 2076 fiat
784 2038 802 2075 a
822 2021 986 2076 notioribus.

80 2095 195 2164 staplet.
220 2091 314 2146 relect.
335 2092 421 2161 princ.
445 2090 492 2145 fid.
511 2099 597 2147 contr.
617 2099 641 2149 4.
665 2110 691 2164 q.
714 2098 735 2146 1.
757 2097 808 2146 art.
830 2096 853 2145 3.
876 2107 903 2157 p.
924 2098 984 2148 444.

78 2163 164 2221 conci.
184 2168 208 2216 5.
229 2178 271 2230 pr.
291 2165 315 2215 3.
355 2168 376 2218 l.
402 2160 516 2214 Falsum
542 2167 584 2215 est
608 2161 781 2217 antecedens.
824 2165 849 2214 2.
870 2159 985 2214 Falsum

76 2241 105 2290 et
120 2246 299 2300 consequens.
333 2227 366 2282 E.
388 2246 439 2300 per
458 2230 623 2284 ecclesiam?
660 2229 693 2284 Ε.
711 2246 761 2299 per
780 2228 924 2283 ecclesiam
942 2247 984 2284 ro·

77 2299 202 2359 manain?
239 2297 334 2366 Epor
350 2298 473 2368 papam?
503 2298 536 2351 Ε.
550 2298 682 2352 ecclesias
700 2314 829 2352 romanae
848 2304 876 2351 θῖ
914 2314 984 2367 apae

77 2373 163 2442 major
180 2365 313 2421 autoritas
333 2383 416 2436 quam
436 2366 614 2437 Scripturas?
649 2373 673 2423 3.
691 2368 776 2422 Falsa
792 2316 982 2421 antecedentis

76 2437 215 2514 probatio:
236 2439 278 2489 est
298 2435 370 2489 enim
386 2435 502 2490 verbum
517 2435 571 2490 Dei
591 2436 716 2504 lucerna,
742 2436 822 2489 Psal.
837 2438 897 2499 119,
919 2438 982 2492 105.

77 2521 100 2567 4.
118 2509 147 2566 Si
167 2503 309 2573 Scriptura
331 2520 364 2558 ex
383 2504 526 2573 Scriptura
555 2505 667 2574 probari
689 2521 745 2558 non
762 2509 868 2573 potest,
895 2504 987 2557 multo·

77 2579 164 2634 minus
177 2589 227 2644 per
238 2571 392 2627 ecclesiam.
417 2573 561 2643 Scriptura
570 2573 643 2628 enim
653 2573 739 2633 habet
747 2578 870 2628 autorem
883 2571 983 2628 Deum.

78 2653 104 2707 2.
120 2641 236 2700 Timotb.
250 2644 278 2708 3,
296 2643 339 2694 16.
372 2644 398 2697 2,
410 2642 486 2695 Petr.
501 2645 525 2711 1,
545 2645 589 2694 21.
620 2642 651 2696 E.
671 2659 704 2696 ex
718 2641 778 2711 ipso
790 2647 886 2696 autore
906 2647 983 2695 auto-

76 2721 141 2773 ritas
160 2713 220 2782 ejus
234 2709 388 2779 probanda.
427 2717 451 2768 5.
470 2711 655 2781 Agnoscimus
680 2710 805 2764 homines
830 2710 984 2781 loquentes,

95 2782 172 2840 uidni
194 2779 281 2850 igitur
307 2783 335 2831 et
354 2777 444 2833 Deum
467 2779 497 2832 in
520 2778 605 2833 verbo
622 2795 672 2833 suo
688 2779 716 2833 lo
736 2779 865 2834 nentem?
900 2777 987 2841 Quod.

77 2874 99 2912 ει
117 2869 173 2907 non
188 2846 381 2917 intelligimus,
407 2847 437 2900 id
453 2846 498 2915 fis,
526 2848 592 2928 quia
615 2865 672 2902 non
688 2847 725 2902 ha
746 2864 822 2920 emus
841 2846 982 2968 Spiritum,

78 2943 96 2980 a
121 2935 175 2991 quo
203 2920 309 2971 mentes
329 2920 441 2971 nostrae
458 2916 609 2970 illuminari
627 2916 738 2973 debent.
771 2914 856 2969 Proin
876 2932 891 2969 θ
910 2914 982 2970 Scri·

96 3001 175 3048 turae
197 2984 330 3040 autoritas
355 2984 509 3055 dependet,
534 2990 563 3039 et
587 2985 666 3038 uobis
691 2990 800 3039 constat
819 3001 852 3038 ex
872 2983 981 3038 interno

97 3060 192 3132 pipicus
203 3073 225 3110 s.
235 3051 407 3122 testimoni03
422 3052 481 3107 sine
495 3070 550 3124 quo
564 3071 620 3107 nun
641 3070 705 3108 uam
717 3051 875 3122 credideris,
886 3051 981 3107 etiam-

78 3125 213 3187 simillies
232 3121 380 3177 audiveris.
416 3122 560 3186 Quomodo
579 3122 630 3193 sigi
653 3122 720 3176 atim
738 3138 770 3176 ex
790 3127 834 3185 se,
854 3126 882 3176 et
900 3138 934 3176 ex
951 3138 981 3175 se

77 3198 199 3257 invicem,
217 3189 376 3259 Scripturas
392 3190 428 3246 V.
450 3196 478 3245 et
496 3190 529 3246 N.
548 3190 578 3244 Τ.
597 3191 731 3245 autoritas
748 3189 893 3260 probetur,
916 3189 980 3244 vide

78 3267 150 3339 apud
172 3259 317 3329 Wittokcr.
332 3277 364 3329 p.
382 3261 444 3313 301.
474 3259 527 3314 Nc
544 3261 634 3313 obstat
651 3259 783 3314 arritum
800 3257 870 3313 illud
883 3259 980 3328 Aspa-

76 3338 159 3392 atias':
177 3328 333 3397 Ecdnpsls'o
350 3346 406 3382 aon
424 3330 576 3397 crederem,
592 3329 650 3382 cisi
660 3329 792 3382 ecclesiae
805 3345 848 3382 me
859 3333 982 3382 moveret

785 3422 814 3466 ,.
