2250 3772
357 255 410 321 De'
429 256 557 340 objecto
576 259 735 345 baptismi.
944 259 1007 326 517

92 434 189 501 rum',
209 428 279 488 Act.
300 426 331 508 2,
352 427 410 503 39,
440 434 472 490 61
492 428 594 491 Marc.
618 429 666 511 10,
690 429 739 492 14.
784 428 830 492 Ε.
847 439 879 492 61
902 422 1010 515 signa)-

90 508 210 577 culum
242 508 380 573 foederis
413 532 451 574 66
481 511 700 596 promissionis
732 511 935 597 (baptismus)
967 515 1009 579 ad

94 594 171 665 illos
195 592 375 680 pertinebit.
872 663 874 667 ,

184 681 215 746 3.
239 676 326 758 Quia
344 679 519 764 baptismus
541 680 575 744 in
590 681 630 746 N.
648 681 686 746 Τ.
701 682 852 746 successit
874 681 1010 746 circum·
1063 722 1068 741 .

93 763 229 840 cisioni,
257 765 382 842 0612,
405 767 454 831 11.
501 766 604 851 Atqui
632 767 830 830 circumcisio
851 767 885 829 in
906 770 948 834 V.
971 768 1008 834 Τ.

94 848 246 914 adhibita
267 847 327 912 filit
342 853 513 934 infantibus
530 863 642 915 octava
656 851 717 928 die,
745 852 819 918 Gen.
834 853 1008 929 17,10.12.

91 936 136 1001 Ε.
161 933 275 998 eadem
296 934 418 998 ratione
437 946 468 998 et
489 934 667 1022 baptismus
694 936 723 1000 ei
747 937 965 1004 conferendus.

86 1082 93 1091 ,
183 1020 215 1083 4.
240 1016 326 1098 Quia
355 1019 532 1104 baptismus
559 1036 607 1085 est
635 1021 754 1085 bonum
776 1021 834 1085 toti
855 1022 1007 1086 ecclesiae

91 1126 279 1181 commune,
300 1106 416 1189 prea.
433 1105 464 1182 5,
481 1106 532 1180 26,
555 1118 587 1170 61
609 1108 779 1191 infantibus
793 1108 1007 1171 necessarium

86 1200 128 1255 61
149 1202 278 1276 aptum,
307 1200 338 1253 et
359 1189 576 1268 conducibile,
602 1192 675 1258 Jot.
699 1193 729 1268 3,
750 1192 770 1255 5
792 1205 849 1256 616.
892 1194 932 1260 Ε.
952 1192 1008 1255 iis·

91 1276 173 1341 dem
195 1273 347 1359 denegari
369 1297 434 1338 non
455 1276 559 1339 debet.

184 1359 215 1424 5.
248 1356 334 1439 Quia
369 1364 537 1437 infantibus
565 1361 755 1446 applicanda
784 1373 857 1425 sunt
887 1360 1007 1425 Christi

90 1443 265 1520 beneficia,
289 1443 344 1527 qni
365 1455 397 1507 et
418 1445 505 1529 ipsos
528 1467 629 1528 aeque
651 1468 688 1509 ac
709 1446 788 1510 alios
811 1446 933 1511 salvare
953 1469 1007 1511 ve·

91 1529 158 1613 nit,
193 1529 307 1593 Masi.
333 1530 389 1603 18,
411 1530 461 1597 lt
502 1530 605 1613 Atqui
638 1531 808 1616 applicatio
837 1532 915 1595 haec
940 1554 1007 1595 non
1121 1548 1124 1553 '

118 1622 207 1680 otest
229 1612 299 1676 lieri
319 1613 353 1675 in
366 1613 407 1677 N.
422 1614 460 1678 T.
479 1637 538 1700 per
558 1616 699 1679 medium
720 1616 817 1693 aliud,
840 1639 935 1700 quam
949 1640 1008 1702 per
1072 1666 1074 1670 a

91 1638 303 1785 baptismum.
324 1699 364 1764 Ε.
456 1709 458 1713 ’
824 1712 827 1719 ’

184 1784 214 1848 6.
237 1780 324 1863 Quia
346 1784 482 1869 apostoli
511 1786 661 1872 leguntur
681 1786 821 1871 integras
842 1786 954 1848 domos
976 1793 1009 1849 et

91 1867 237 1934 familias
262 1868 457 1953 baptizasse,
485 1871 555 1935 Aet.
578 1873 628 1946 16,
653 1872 699 1936 15.
724 1875 772 1937 lo.
794 1883 826 1933 et
847 1892 873 1935 c.
898 1870 948 1946 18,
969 1871 988 1934 8
997 1893 1007 1945 3

91 1959 126 2021 ·1.
152 1954 227 2020 Cor.
252 1954 279 2037 l,
303 1955 352 2017 16.
374 1955 414 2018 E.
436 1954 532 2018 etiam
554 1959 687 2037 16166166
708 1955 915 2041 baptisarunt.

185 2038 215 2103 7.
238 2035 324 2118 Quia
353 2038 490 2122 denique
521 2044 691 2124 baptismus
718 2043 872 2115 1611161166
893 2038 967 2102 inde
990 2062 1009 2102 a

94 2122 296 2207 temporibus
325 2124 542 2209 apostolorum
569 2125 602 2188 in
632 2124 767 2188 ecclesia
799 2148 924 2210 semper
949 2124 1007 2187 ob-

95 2219 243 2272 servatus
263 2219 319 2274 est.

169 2324 263 2389 (Ratio
285 2331 307 2380 1.
326 2326 361 2379 ab
381 2325 528 2396 adjuncta,
548 2327 583 2381 ob
601 2334 715 2381 naturae
734 2327 945 2398 corruptionem,
962 2344 1009 2381 ne-

96 2394 237 2463 cessitate,
258 2393 437 2465 eiusdemque
454 2395 516 2450 fine.
548 2395 603 2450 Hic
621 2396 669 2465 qui
688 2396 842 2466 excipiunt,
870 2398 1008 2460 1611113

94 2463 142 2519 vel
163 2463 199 2518 de
216 2462 354 2532 baptismo
371 2480 428 2516 non
445 2464 501 2534 agi,
518 2465 564 2519 vel
578 2466 612 2518 de
624 2465 727 2518 adultis
745 2472 853 2519 tantum
871 2465 926 2535 agi,
945 2482 1008 2521 cum

95 2531 284 2601 anabaptistis
312 2533 517 2601 anabaptizant.
558 2534 661 2586 Christi
690 2533 807 2588 effatum
830 2538 872 2587 est
891 2532 1005 2586 catholi-

96 2616 180 2655 cum:
206 2601 341 2668 quicquid
364 2608 461 2655 natum
484 2606 580 2656 estex
600 2610 753 2657 cameetc.
786 2602 1009 2658 1161161616-

94 2668 158 2725 1616
177 2685 230 2739 per
253 2676 403 2740 comparat.
426 2671 555 2725 similium
582 2688 600 2724 a
615 2672 727 2726 foedere
747 2677 774 2725 et
793 2670 892 2741 sigillo.
926 2669 1009 2723 Ratio

91 2742 164 2805 ,3.16
186 2738 437 2808 compauperibus
463 2747 492 2794 et
515 2740 644 2810 analogia
663 2739 885 2793 circumcisionis.
922 2739 1008 2807 Cujus

97 2805 235 2861 connexio
252 2807 386 2876 procedit,
404 2807 469 2876 quia
479 2808 625 2878 utrobique
639 2816 658 2863 1.
674 2816 764 2862 exstat
775 2809 936 2861 mandatum
946 2806 1010 2873 Dei,

91 2874 448 2945 Ι2.161166611616166166,
472 2878 652 2931 3.necessitas
661 2878 753 2946 medii,
770 2877 833 2930 finis
845 2885 873 2931 et
883 2876 1009 2931 efl'ectus.

93 2942 182 3001 Ratio
208 2950 233 2997 4.
258 2945 294 2998 ab
318 2945 449 3013 adjuncto
469 2946 606 2999 communi
628 2946 739 3015 triplici.
772 2945 859 3015 Cujus
876 2945 1009 2998 connexio

94 3018 191 3137 gabat,
219 3011 285 3082 quia
307 3017 336 3067 et
352 3013 472 3067 infantes
490 3015 629 3084 pertinent.
646 3014 683 3067 ad
701 3014 860 3080 ecclesiam,
890 3021 921 3067 ut
939 3029 1008 3083 quos

120 3080 226 3135 hristus
243 3081 279 3134 ad
297 3099 327 3136 se
345 3083 440 3136 venire
460 3083 588 3152 jusserit,
614 3084 716 3137 Maus.
734 3086 776 3144 19,
794 3086 835 3135 14.
876 3083 941 3136 Ν66
959 3082 1008 3134 16-

95 3151 141 3205 bet
158 3152 254 3203 Deum
272 3150 302 3202 16
321 3151 407 3204 coelia
425 3152 553 3220 Putrem,
573 3153 623 3222 qui
639 3170 693 3204 666
716 3153 798 3204 babet
816 3151 961 3204 ecclesiam
978 3151 1009 3202 ia

95 3219 184 3273 terris
201 3225 326 3273 matrem.
357 3221 491 3289 Cypriae.
503 3222 538 3275 de
556 3220 644 3290 simpl.
653 3222 769 3301 praelat.
781 3226 861 3274 tract.
872 3226 894 3276 3.
909 3237 938 3312 p
952 3223 1007 3273 164.

93 3284 187 3345 Ratio.
201 3293 225 3342 5.
244 3286 282 3343 ab
299 3286 418 3357 objecto,
434 3290 609 3360 applicandis
627 3290 732 3344 scilicet
745 3287 887 3344 beneficiis
898 3287 1008 3351 1161611,

998 3398 1096 3544 Γ
