2250 3772
240 251 293 316 De
314 250 558 316 manducatione
577 251 791 338 indignorum.
909 251 971 318 581
1031 332 1043 349 .

60 422 118 489 63.
165 422 249 500 Ouid
269 444 340 507 erpo
357 424 486 509 prodest
509 421 725 504 (salutariter)
748 424 791 486 sic
812 425 976 488 comedisse

429 518 458 571 et
479 507 612 570 bibisse?

150 606 189 671 ld
208 606 350 672 indicant
370 606 463 670 nobis
485 607 565 672 haec
584 606 700 680 verba:
730 607 797 670 Pro
816 611 901 673 vobis
921 609 975 672 da-

59 704 113 757 tur
129 704 157 755 et
171 693 338 778 effunditur
351 695 384 756 in
399 695 609 756 remissionem
619 702 826 776 peccatorum.
847 691 972 793 Nempe

58 776 154 877 quod
177 776 271 842 nobis
298 799 356 862 per
384 777 482 841 verba
507 776 563 841 illa
590 776 624 841 in
645 788 842 842 sacramento
862 799 974 843 reuns-

59 882 114 929 sso
135 872 354 947 peecatorum,
381 862 464 940 vita,
486 861 612 946 justitia
639 872 671 925 et
700 861 784 927 salus
806 864 973 931 donentur.

58 944 136 1015 Ubi
135 946 240 1095 apnim
256 946 401 1011 remissio
422 959 627 1032 peccatorum
645 956 702 1023 est,
721 945 767 1009 ibi
788 959 837 1012 est
858 960 890 1013 et
908 947 975 1013 vita

58 1036 134 1097 et's
166 1053 214 1097 us.

58 1184 115 1251 64.
169 1184 328 1263 Quomodo
358 1187 497 1250 remissio
526 1197 723 1270 peccatorum
755 1187 891 1248 omnium
913 1207 974 1268 per

59 1280 289 1333 saerammtnm
312 1270 400 1334 nobis
422 1271 572 1354 donatur,
595 1294 663 1333 cam
681 1272 759 1351 fides
781 1281 808 1333 et
827 1270 896 1334 inde
918 1272 972 1332 de-

52 1355 198 1439 pendens
219 1354 359 1418 remissio
375 1367 571 1438 peccatorum
598 1356 787 1418 sacramenti
799 1355 974 1438 perceptio-

286 1460 355 1501 nem
375 1441 546 1502 necessario
568 1439 748 1504 antecedat?

148 1536 247 1603 Frdes
267 1538 407 1622 quidem,
427 1562 485 1625 per
507 1562 603 1624 quam
617 1540 720 1604 solum
728 1538 878 1607 remissio
898 1559 974 1625 pec-

58 1634 209 1689 catorum
230 1623 443 1703 condonatur,
473 1624 731 1690 incredentibus
755 1637 803 1689 est
829 1637 902 1689 ante
923 1647 974 1688 sa-

57 1708 216 1775 cramenti
235 1708 493 1795 perceptionem,
522 1709 579 1775 sed
608 1710 719 1774 eadem
747 1709 818 1796 ipsa
839 1710 917 1774 fides
939 1709 974 1772 in

57 1809 92 1859 et
126 1815 186 1878 per
221 1794 411 1858 sacramenti
448 1795 618 1859 salutarem
653 1817 745 1859 usum
782 1794 974 1872 accenditur,

58 1888 200 2027 apgetur
220 1889 252 1942 et
273 1878 486 1958 confirmatur,
507 1879 650 1944 remissio
672 1901 748 1944 vero
769 1890 972 1965 peccatorum

57 1987 81 2030 o
105 1962 261 2049 signatur.

86 2097 141 2164 66.
188 2097 252 2175 Qut
266 2110 369 2183 potest
388 2102 560 2184 corporatis
579 2070 776 2163 inanducatio
798 2111 825 2163 et
847 2099 951 2162 bibitio

350 2195 452 2248 tantas
473 2208 522 2249 res
545 2183 686 2266 efficere?
741 2190 745 2195 “

148 2270 347 2348 Manducare
372 2295 404 2349 et
430 2285 542 2349 bibere
571 2283 699 2369 quidem
730 2306 794 2348 non
822 2283 974 2363 efficiunt,
1071 2346 1076 2357 ,

61 2365 124 2432 sed
145 2366 201 2431 illa
222 2369 337 2447 verba,
367 2393 450 2455 quae
468 2370 521 2434 hio
542 2380 645 2434 stant:
684 2373 751 2435 Pro
773 2372 858 2434 vobis
880 2373 974 2434 datur

60 2465 93 2517 et
126 2456 294 2537 effunditur
325 2457 357 2517 in
390 2459 598 2520 remissionem
622 2467 826 2541 peccatorum.
880 2451 974 2534 Quae

58 2536 164 2602 verba
181 2548 255 2601 sunt
276 2536 361 2603 cirea
384 2540 581 2626 corporalem
608 2540 703 2625 hujus
729 2538 793 2603 cibi
819 2560 857 2602 ac
878 2549 973 2624 potus

56 2620 338 2709 participationem
364 2635 517 2710 tanquam
541 2636 638 2726 caput
669 2635 700 2690 et
726 2647 849 2688 summa
868 2622 902 2686 in
924 2646 975 2687 sa-

60 2718 236 2775 cramento.
294 2709 339 2771 Et
375 2710 431 2795 qui
461 2710 530 2774 fidit
560 2711 611 2774 h1s
643 2709 759 2793 verbis,
790 2708 845 2773 ille
876 2708 974 2772 habet

59 2791 152 2877 quod
173 2791 284 2856 dicunt
309 2804 340 2858 et
362 2807 491 2873 sonant,
519 2818 634 2882 nempe
658 2793 877 2860 remissionem
899 2814 974 2878 pec-

57 2886 216 2942 catorum

58 3017 114 3082 66.
148 3015 237 3080 Num
258 3018 354 3100 ipitnr
375 3037 411 3079 ea
436 3037 526 3100 opere
549 3025 674 3098 operato
696 3015 866 3098 corporalis
886 3037 974 3077 man·

230 3101 352 3166 dacatto
375 3112 403 3165 et
427 3102 531 3164 bibitio
555 3098 668 3162 istbaec
689 3097 809 3180 efficit?

147 3199 232 3264 Non.
264 3199 331 3266 Sed
352 3199 449 3264 fidem
467 3201 668 3347 emgluncmm
690 3219 760 3262 esse
773 3218 904 3263 necesse
917 3208 975 3274 est,

58 3306 149 3372 quae
170 3307 236 3350 una
255 3296 288 3350 et
306 3284 375 3349 sola
396 3296 444 3349 est
464 3307 516 3369 me
540 3285 615 3360 ‘um‚
637 3305 701 3368 quo
716 3283 886 3369 promissio
901 3305 976 3370 gra-
