2250 3772
342 239 393 303 De
410 238 544 322 jejunio.
835 239 901 305 473

74 406 94 463 e.
111 409 155 476 20,
173 409 226 473 2ος
245 408 272 460 2.
293 405 369 469 Sam.
386 409 411 474 1,
430 409 474 458 12.
493 410 522 459 et
540 422 565 462 r.
584 407 612 472 3,
625 407 671 460 35.
685 413 748 474 eta,
775 405 833 460 sive
871 423 901 461 er

76 474 172 544 plures,
189 480 260 545 puta
278 474 323 529 vel
341 474 418 538 duos,
435 475 547 528 Netem.
562 480 585 539 1,
598 476 622 529 4.
640 473 686 529 vel
704 479 769 542 tren
786 477 840 528 Est
860 493 900 529 er.

91 544 154 598 Tob.
171 547 200 613 3,
219 548 266 611 10,·
284 546 311 596 2.
324 545 453 597 Maccab.
473 546 516 612 13,
535 546 584 610 12,
605 542 651 595 vel
670 542 754 596 etiam
773 551 902 615 quatuor,

74 615 111 682 10,
127 616 174 667 30.
203 612 357 682 Improprie
374 611 512 682 jejunium
531 613 614 666 etiam
631 610 740 678 dicitur,
759 629 822 667 cum
838 611 902 683 quis

74 697 79 734 e
94 687 121 736 et
138 681 259 736 tenuiter
276 681 360 748 vivit,
379 691 406 735 et
425 699 442 734 a
460 681 578 750 prandio
596 680 641 734 vel
660 698 677 733 a
696 698 783 735 coena
800 682 900 735 saltem

74 757 126 817 net3
150 751 214 805 cibo
237 750 320 804 etiam
342 766 374 803 ac
394 759 463 819 potu
479 749 569 802 viliori
587 755 616 804 et
635 766 664 803 as
686 749 774 814 eriori,
798 751 821 803 si
841 751 900 804 lon·

76 818 251 888 protrahatur
264 818 412 888 jejunium,
431 818 526 886 utitur,
542 817 598 870 vid.
618 821 641 872 1.
662 768 777 872 gamael
794 822 839 880 31,
852 822 901 888 133

74 890 102 941 οι.
120 892 146 950 2,
166 891 195 952 0;
213 890 292 941 Dan.
313 890 357 955 10,
376 890 403 941 3.
443 887 563 941 Proinde
576 887 716 956 Jejunium
733 888 844 958 proprie
862 888 902 941 lo·

74 954 100 1012 lo
118 972 215 1010 verum
235 973 292 1009 non
310 962 358 1019 est,
387 957 461 1026 quod
480 956 636 1010 intermisso
658 957 756 1010 saltem
774 957 902 1027 prandio,

74 1048 79 1078 l
107 1025 183 1079 circa
214 1024 369 1087 meridiem,
400 1025 497 1078 addita
523 1025 640 1078 coenula
668 1025 725 1078 sive
755 1024 902 1081 collatione

74 1100 180 1155 rectem,
200 1100 275 1146 certo
293 1093 358 1147 item
379 1093 503 1147 ciborum
523 1093 632 1147 delectu
649 1093 798 1163 perficitur.
829 1094 901 1149 Con·

74 1163 191 1216 tellarm.
209 1162 227 1215 1.
246 1168 271 1216 2.
293 1163 328 1216 de
346 1161 426 1216 bonis
442 1161 572 1232 operibus
595 1163 625 1215 in
665 1163 773 1218 articul.
798 1181 858 1233 cap.
876 1169 900 1218 2.

81 1239 108 1286 5.
128 1237 149 1285 t.
168 1239 191 1286 4.
211 1230 262 1288 col.
282 1237 355 1285 1207.
367 1231 400 1283 Β.
424 1238 495 1286 1212.
512 1231 542 1284 C.
564 1181 686 1286 mult).
722 1231 902 1287 Abstinentia

75 1317 128 1366 era,
147 1299 179 1355 E.
200 1315 255 1352 non
273 1299 416 1368 speciatim
434 1304 584 1369 praecepta
602 1307 630 1354 et
650 1299 795 1369 imperata,
813 1301 900 1355 multo

74 1386 80 1421 ι
100 1369 137 1422 ad
149 1374 238 1422 certos
257 1367 323 1434 dies,
341 1369 437 1422 modos
456 1368 570 1422 stritus
590 1367 637 1421 alli
659 1375 713 1427 ata,
731 1385 784 1423 nec
803 1369 850 1433 ita,
868 1375 901 1424 ut

74 1437 143 1490 atim
168 1453 262 1490 omnes
286 1436 381 1490 fideles
399 1436 428 1488 in
446 1437 647 1491 conscientian
668 1436 750 1507 liget,
774 1454 900 1492 necessa·

74 1523 156 1561 'erum
182 1513 333 1574 spontaneo
350 1505 501 1559 voluntatis
520 1506 637 1573 affectu,
655 1507 744 1560 libere
762 1516 899 1577 suscepta.
960 1509 961 1512 ’

74 1593 84 1629 ·.
101 1575 272 1628 Bellormin.
299 1574 381 1644 alleg.
406 1575 423 1627 l.
444 1592 466 1628 c.
488 1580 510 1630 6.
531 1582 549 1629 t.
570 1575 669 1637 lnzcol.
690 1581 754 1630 1210
772 1575 806 1630 Β.
824 1594 900 1657 seqq.

74 1686 79 1695 .
94 1642 165 1710 fine,
186 1644 266 1712 cujus
284 1644 374 1713 gratia
390 1643 558 1707 instituitur,
576 1660 676 1713 nempe
697 1644 733 1696 ad
752 1643 900 1699 ferventio-

74 1711 241 1766 levotionem
260 1711 443 1780 excitandam,
461 1728 532 1781 quae
555 1720 576 1766 1.
592 1729 642 1781 per
660 1713 901 1782 concupiscentiae

74 1797 82 1832 s
101 1780 292 1835 subactionem
312 1780 369 1834 sive
387 1780 634 1848 mortificationem,
655 1787 678 1834 2.
697 1797 791 1835 veram
809 1783 901 1836 cordis

74 1849 163 1902 iDeo
193 1849 408 1902 humiliationem
439 1855 463 1904 3.
482 1850 581 1902 seriam
606 1855 782 1918 peccatorum
805 1851 900 1920 deplo-

74 1933 138 1984 rem,
160 1924 182 1971 4.
200 1918 275 1987 piam
300 1918 458 1972 coelestium
480 1918 703 1985 meditationem,
729 1926 752 1972 5.
772 1919 900 1973 devotam

74 2004 101 2038 m
116 1985 278 2040 effusionem
295 1986 444 2055 perficitur.
489 1988 636 2055 Jejantam
654 1987 727 2040 enim
743 1990 900 2069 orationem

74 2057 900 2192 attttulstntal?attulissent

74 2193 141 2260 rpit,
169 2192 319 2245 libidinum
336 2195 456 2246 ardores
475 2195 638 2262 exstinguit,
666 2195 803 2247 eastitatis
833 2212 900 2248 vcro

74 2262 236 2314 concendat.
262 2261 380 2330 Aequa.
399 2278 479 2316 serm.
495 2269 552 2316 230.
573 2262 607 2315 de
618 2269 734 2331 tempor.
752 2268 772 2317 t.
792 2269 830 2318 10.
845 2263 898 2320 col.

83 2329 131 2382 As
159 2329 192 2382 Ε.
213 2345 269 2382 non
287 2330 377 2382 cultus
398 2330 484 2384 divini
510 2331 614 2401 gratia,
633 2330 668 2384 ob
688 2331 742 2385 Dei
765 2333 898 2401 placatio-

84 2403 262 2467 peocatorum
286 2397 508 2453 satisfactionem.
534 2399 627 2455 Contr.
646 2398 815 2453 Bellarmz'n.
835 2403 860 2454 d.
880 2402 899 2458 l.

74 2471 110 2523 ll.
129 2465 181 2520 col.
203 2472 277 2521 1239.
297 2467 332 2523 Ι).
375 2467 426 2520 III.
444 2470 471 2521 A
490 2468 683 2522 distributione
702 2469 898 2539 subjectorum,

74 2535 162 2588 nsoil.
189 2535 237 2605 qui
258 2535 367 2604 jejunia
389 2535 552 2603 instituunt,
578 2553 694 2606 quorum
717 2538 764 2589 alii
788 2539 899 2619 privati²

74 2621 104 2656 ,ιιι
126 2604 241 2657 arbitrio
258 2612 285 2657 et
302 2605 467 2673 prudentiae
482 2605 591 2675 jejunia
607 2606 820 2674 permittuntur,
849 2607 898 2660 alir

74 2688 120 2726 nae
142 2672 285 2741 publicae,
315 2674 363 2743 qui
392 2674 505 2742 publico
534 2675 665 2728 ecclesiae
691 2675 800 2728 nomine
825 2675 899 2744 je'u-

74 2740 180 2794 edicunt
208 2748 236 2794 et
259 2741 457 2806 determinant,
480 2743 522 2796 uti
549 2744 614 2796 olim
633 2742 661 2794 in
678 2743 711 2798 V.
727 2743 761 2798 T.
800 2693 899 2814 repte-

74 2814 86 2859 t.
106 2809 182 2863 Sam.
204 2812 225 2876 7,
243 2813 270 2878 3,
290 2810 461 2878 Sacerdotes,
481 2812 568 2865 Esdr.
583 2815 606 2872 8,
621 2815 657 2863 21
662 2832 674 2876 ,·
691 2761 803 2864 Jadttl).
816 2814 841 2875 4,
854 2815 898 2878 12,

74 2917 76 2939 ,
96 2883 121 2931 2.
139 2879 240 2931 Paral.
262 2882 307 2946 20,
325 2881 361 2944 3,·
379 2880 447 2932 Jon.
465 2882 493 2942 3,
512 2884 541 2947 73
562 2880 601 2932 ita
619 2881 648 2932 in
667 2881 702 2934 N.
721 2879 752 2932 T.
772 2881 898 2947 ecclesia,

74 2963 87 2997 ·.
103 2948 147 3014 10,
167 2949 214 2999 23.
249 2947 338 3015 quue
356 2965 412 3000 non
430 2949 510 3000 statis
527 2947 705 3018 temporibus,
723 2949 772 3003 sed
790 2950 899 3019 quoties

74 3015 265 3084 locujuslibet
288 3022 317 3069 et
338 3016 452 3085 publica
477 3017 662 3086 quorumlibet
685 3018 834 3079 necessitas
852 3035 898 3072 ex-

74 3087 86 3134 t.
104 3081 198 3142 Contr.
213 3085 382 3138 Bellarmin.
401 3085 427 3140 d.
447 3086 466 3141 l.
485 3103 546 3155 cap.
569 3093 623 3141 114.
644 3102 720 3156 seqq.
755 3085 899 3141 Dividitur

74 3148 123 3204 ium
145 3153 181 3206 ab
202 3152 264 3206 aliis
287 3153 375 3209 aliter.
418 3153 504 3207 Aliud
522 3155 595 3208 enim
619 3159 661 3208 est
683 3155 728 3208 vel
745 3155 898 3224 spirituale,

91 3225 131 3274 est
158 3239 176 3275 a
212 3222 314 3276 eceatis
334 3222 502 3277 abstinentia
527 3231 556 3277 et
579 3222 630 3276 sub
654 3224 745 3278 crucis
768 3240 900 3294 pressura

74 3287 136 3353 ntia,
162 3240 211 3344 vep
233 3291 382 3359 corporale.
417 3291 508 3360 lQuod
532 3292 633 3346 iterum
658 3292 703 3346 vel
724 3294 827 3350 morale
852 3293 899 3348 rel
