2250 3772
350 236 402 302 De
423 258 561 324 persona
583 234 713 303 Christi.
922 241 987 307 283

108 403 164 474 lsm;
183 405 356 476 majestatem
377 405 467 475 ipsam
492 405 608 475 ejusque
635 405 858 475 usurpationem,
887 410 987 475 κτῆσιν

107 476 241 545 καὶχρῆσιν,
253 474 492 546 proprietatemet
502 473 681 544 proprietatis
693 474 858 544 energeiam.
875 475 925 531 VI.
937 478 986 532 At-

107 542 236 601 ltt‘isssatsn·
258 545 399 613 quaedam
422 544 592 597 hannanitats'
613 543 675 596 καθ’
697 544 796 611 ἑαυτὴν
813 561 847 597 aa·
863 553 988 600 naturae

104 612 265 682 proprietate,
284 614 427 682 quaedam
444 610 499 666 κατ’
520 609 589 666 ἄλλο
602 629 659 681 per
676 620 702 665 et
717 621 838 682 propter
856 614 988 669 unionem

69 684 72 695 '
104 681 253 746 personalem
270 690 298 734 et
314 681 481 735 s'ds’ctnatnm
500 681 782 735 communicationem.
810 682 869 736 Ille
881 682 988 738 dicitnr

107 750 179 803 ncta
189 749 379 805 attributionis
391 750 543 818 naturalis,
559 750 605 803 ltic
615 750 785 818 personalis.
812 750 988 822 Argumenta

107 813 178 886 igitur,
193 835 265 890 quae
282 818 320 873 ab
339 818 393 873 isto
409 818 550 887 adhunc,
570 818 616 872 vel
633 819 669 873 ab
687 819 740 873 hoe
756 819 793 873 ad
812 819 897 874 istum
918 821 987 877 infe·

107 886 194 941 reulum
212 887 395 953 concludunt,
414 887 476 943 eod.
496 887 601 943 elench.
619 887 770 968 decipiunt.
805 887 870 944 Vll.
889 891 987 944 Pasti·

107 954 154 1007 mla
165 956 311 1011 lims'tats‘oa
327 955 383 1009 κατ’
405 951 473 1009 tans
492 956 657 1023 secundum,
672 961 769 1026 Juxta,
788 956 818 1009 in
831 960 927 1025 poento
942 976 988 1028 ye-

108 1038 154 1077 nsrs
168 1025 422 1079 communicationis
442 1033 483 1078 est
508 1024 684 1092 distinctiva,
710 1026 846 1079 denotans
865 1045 902 1080 sc.
916 1045 987 1095 pro-

104 1092 221 1157 naman
239 1094 401 1149 naturalem
419 1094 504 1163 nujus
521 1094 565 1147 vel
583 1093 665 1147 iltius
681 1102 809 1162 naturae,
827 1099 873 1150 ut:
892 1096 987 1151 Domi·

107 1175 144 1213 nu
156 1162 252 1231 gloriae
269 1161 417 1217 crucifixus
435 1160 491 1215 κατ’
512 1159 580 1216 ἄλλο
598 1162 651 1216 hoc
672 1166 729 1231 est,
753 1164 906 1217 secundum
924 1183 986 1235 pro·

107 1227 172 1295 βίω
185 1247 310 1299 carnem3
328 1233 358 1284 in
375 1233 427 1285 ltoc
443 1248 508 1285 acro
525 1247 626 1300 genere
640 1239 681 1285 est
693 1232 829 1300 causalis,
847 1235 987 1287 rationem

108 1297 187 1353 matt
200 1301 395 1365 subindicant,
419 1318 470 1354 cnr
491 1300 542 1354 noc
562 1308 611 1353 aut
631 1300 708 1353 s'llnd
724 1300 832 1354 idioma
848 1302 987 1356 hnmanae

54 1406 57 1413 .
108 1373 198 1423 mnas
215 1370 395 1437 mathaeum,
413 1374 462 1423 ut:
481 1385 544 1423 caro
557 1368 662 1422 christi
678 1375 720 1422 est
733 1368 844 1423 vivifica
854 1388 910 1424 non
923 1388 986 1441 pro·

55 1482 59 1489 .
108 1432 196 1501 pristas
218 1438 355 1507 naturali,
375 1437 425 1492 sed
450 1436 504 1491 καί
516 1433 592 1518 ,ἄλλο
614 1454 664 1519 per
682 1443 711 1518 et
728 1444 840 1518 propter
856 1439 987 1519 unionem

54 1518 56 1523 '
108 1506 263 1572 mamlem,
289 1523 361 1577 quse
386 1507 641 1560 commumcationrs
663 1506 747 1575 hujus
764 1507 925 1562 immediata
945 1514 988 1563 est

107 1570 157 1627 ntia
169 1575 222 1630 sive
239 1592 332 1631 causa.
366 1575 542 1646 Argumenta
559 1575 660 1645 igitur,
682 1591 754 1646 quae
771 1575 835 1630 inde
853 1577 937 1631 etiam
957 1578 987 1631 in

84 1634 144 1695 ·hoo
162 1660 257 1714 genere
279 1644 435 1699 naturalem
451 1644 649 1714 proprietatem
668 1643 849 1712 concludunt,
876 1645 989 1701 fallacia

107 1702 234 1782 huonym
252 1718 281 1769 et
299 1729 419 1782 compar.
435 1714 545 1767 ludunt.
573 1711 654 1768 VIII.
672 1711 902 1767 Contradictort'a
921 1735 986 1786 φαι-

54 1822 59 1851 3
108 1782 202 1859 mutant
219 1787 247 1837 et
264 1777 348 1842 ὅντως
361 1791 492 1835 acctnate
512 1789 576 1834 aunt
593 1782 802 1848 distinguenda.
835 1781 945 1836 Dicitur
958 1784 988 1838 in

108 1842 221 1918 munst
239 1867 340 1920 corpus
359 1850 463 1905 Christi
478 1849 601 1919 finitum,
621 1849 871 1919 circumscriptum,
891 1852 987 1905 risibi-

54 1942 57 1961 ι
106 1908 152 1969 lita
164 1918 190 1972 in
207 1919 285 1975 coelo
302 1920 477 1987 subvectum
502 1919 603 1974 dititur
627 1926 654 1972 et
671 1919 701 1971 in
720 1918 817 1972 dextra
834 1919 926 1974 Patris
943 1938 988 1975 su·

106 1988 142 2047 iffi
153 2002 239 2042 omnes
256 1988 348 2043 coelos
365 1988 540 2053 collocatum,
560 2004 593 2041 ac
613 1987 653 2041 sic
671 2004 755 2056 super
772 2003 880 2042 omnem
893 1988 988 2042 locali·

54 2068 57 2073 ·
107 2052 326 2123 asserentem,
352 2064 380 2111 et
398 2057 427 2110 in
445 2057 572 2127 pluribus
591 2056 659 2109 locis
676 2072 806 2125 praesens
826 2072 892 2112 esse.
932 2057 988 2121 Qui

107 2116 183 2190 isphr
196 2131 240 2181 ast
257 2124 434 2181 exsistentiae
451 2133 480 2181 et
498 2125 671 2195 praesentiae
688 2125 794 2193 modus,
812 2126 861 2179 sed
875 2124 987 2181 minime

107 2194 239 2250 nannius.
269 2193 445 2265 Argumenta
456 2194 551 2265 igitur,
563 2211 635 2264 quae
644 2194 728 2247 istum
761 2200 855 2260 onunt,
869 2202 901 2249 ut
913 2195 988 2250 hunc

106 2255 186 2327 anst,
209 2263 316 2318 elench.
346 2263 535 2334 oppositorum
559 2262 696 2317 laborant.
765 2279 802 2316 on
829 2263 901 2318 enim
924 2271 989 2320 sunt

106 2330 291 2405 enuntiatone
314 2327 415 2394 ὅντως,
438 2332 487 2386 sed
510 2337 619 2385 tantum
638 2335 829 2404 φαινομένως,
852 2349 916 2387 cum
932 2351 988 2388 non

106 2388 206 2475 itum
226 2401 263 2455 ad
285 2400 374 2465 idem,
403 2400 555 2455 secundum
572 2400 660 2468 idem,
688 2400 784 2455 eodem
802 2402 892 2456 modo.
931 2400 989 2458 Iste
1067 2436 1069 2441 ·

105 2474 158 2519 turn
171 2475 210 2525 est
224 2469 324 2537 modus
343 2469 520 2524 exsistentiae
537 2476 565 2524 et
580 2469 754 2537 praesentiae
772 2471 916 2537 naturalis,
935 2472 986 2525 cir-

106 2538 290 2608 Qtriptione
304 2538 388 2593 locali
405 2538 617 2606 determinatus,
633 2536 678 2591 hic
696 2555 762 2593 vero
781 2537 942 2607 personalis,
961 2545 989 2594 et

106 2612 135 2681 ¹1?
145 2604 219 2674 plane
235 2605 361 2673 illocalis.
398 2606 450 2661 IX.
466 2608 593 2661 Finitum
612 2615 638 2659 et
658 2607 897 2676 circumscriptum
916 2610 991 2661 acci-

104 2676 164 2733 Μ
175 2677 342 2744 quandoque
353 2677 388 2729 de
399 2676 657 2745 circumscriptione
666 2676 755 2729 locuit¹
762 2684 884 2739 esterna,
940 2694 989 2728 an-

105 2734 172 2821 ?th
183 2747 218 2799 sic
230 2745 403 2799 dimensione
416 2753 536 2798 naturae
547 2746 605 2798 ss'oe
617 2746 752 2798 essentiae
764 2753 887 2799 esterna.
937 2762 990 2799 anc

105 2816 192 2887 thipsa
216 2812 301 2868 etiam
328 2813 503 2869 exaltationis
527 2818 602 2867 statu
619 2812 747 2883 'humana
769 2813 870 2867 Christi
888 2818 990 2867 natura

105 2878 187 2937 utne.
226 2880 293 2949 Illa,
320 2888 352 2936 ut
376 2888 418 2937 est
441 2882 571 2937 accidens
598 2887 754 2948 externum,
782 2882 822 2935 ita
840 2899 857 2935 a
874 2898 989 2951 corpore

105 2934 183 3005 tutu
203 2950 233 3005 is
253 2948 364 3007 infinita
381 2957 409 3006 st
430 2951 534 3005 nisssn
560 2950 705 3020 hypostasi
726 2950 891 3005 subsistente
909 2967 939 3005 ss
960 2966 989 3005 s-

106 3008 178 3075 iubila
221 3019 400 3090 Argumenta
416 3019 511 3101 igitur,
529 3036 633 3099 quaes
651 3019 773 3075 locorum
784 3019 907 3089 intercap
944 3036 989 3100 sue

54 3100 56 3105 ·
106 3081 294 3143 ttinsnsione
314 3088 351 3142 ad
367 3105 489 3159 corporis
501 3094 695 3156 extensionem,
715 3087 917 3157 expansionem,
937 3088 989 3143 dri-

54 3274 58 3361 t

54 3363 57 3418 t

105 3140 214 3229 fuissem
230 3174 264 3212 sc
276 3156 465 3212 diductionem
478 3163 530 3212 etc.
543 3156 727 3219 deducuntur,
745 3156 781 3210 ob
796 3156 899 3210 elench.
914 3173 988 3214 cons.

106 3220 249 3296 reiciuntur.
277 3224 375 3296 Λόγος
392 3226 465 3281 enim
482 3233 525 3280 est
542 3224 669 3283 illocalis.
688 3230 717 3279 et
727 3225 793 3279 unio
809 3232 851 3279 est
863 3225 989 3294 illocalis,

106 3294 154 3349 qun
169 3291 334 3356 ἀδιαστάτως
356 3299 403 3349 καὶ
420 3295 594 3369 citaremus,
618 3293 782 3348 indistanter
805 3300 833 3349 et
851 3295 988 3350 indivulse
