2250 3772
80 249 142 314 118
318 249 426 334 Caput
446 251 471 314 Ι.
515 250 568 315 De
590 250 754 336 decalogo.
859 229 865 247 ⁶

79 415 159 487 epist.
177 417 213 471 ad
227 417 336 472 Turrib.
350 424 391 473 93.
408 436 431 472 e.
449 426 472 477 7.
485 438 514 488 p.
531 425 588 474 166.
600 420 632 474 Ε,
659 422 794 476 Damaso.
805 419 823 475 l.
834 419 870 474 de
882 417 994 474 hansa

80 504 107 556 p.
128 491 186 541 460.
222 487 385 556 Hier-onyas.
405 487 512 544 advers.
525 488 633 543 Jovian.
653 489 762 570 apolog.
781 486 994 543 dePammaeh.¹

78 558 100 610 t.
120 559 141 608 2.
166 573 193 625 p.
214 560 270 611 101.
289 556 321 610 B.
357 557 468 609 Errant
492 563 515 611 2.
530 558 682 627 pontificii,
707 575 755 628 qm
773 556 936 639 conjugium
955 571 994 610 e!

78 623 160 677 Rom.
178 630 206 690 ⁸,
232 630 248 676 8
273 624 475 679 immunditiem
501 631 528 678 et
550 625 730 707 pollutionem
756 642 846 680 carnis
889 642 994 679 rosun-

79 690 163 761 ciant,
175 696 208 745 u't
216 692 310 747 Innoc.
320 700 343 749 2.
355 694 457 748 Pontif.
468 694 592 765 Syricrus
599 694 679 765 Papa
691 696 728 748 ad
737 695 858 775 episcop.
898 694 986 749 'emer¹

77 758 266 816 Taraconens.
288 761 354 818 Vid.
376 763 440 819 diet.
460 768 500 818 82.
520 780 544 820 c.
558 769 581 818 2.
601 764 778 835 proposuisti,
798 769 826 818 et
842 780 868 819 c.
885 768 909 818 3.
930 761 993 843 plu'-

78 828 170 887 rimos.
206 828 325 884 Materia
344 831 469 902 conjugii
494 838 536 886 est
560 850 631 886 unus
657 849 717 887 mas
741 838 842 888 etune
860 831 993 899 foemina,

83 896 155 952 Gen.
176 901 200 966 1,
220 901 263 951 27.
283 905 311 953 et
328 903 354 964 2,
372 904 415 953 24.
437 901 541 954 Marta.
556 904 598 965 19,
619 905 643 970 5,
663 901 711 972 qui
728 900 852 972 legitime
871 916 936 954 cum
953 898 993 953 oh

79 964 265 1035 pubertatem,
282 974 341 1021 tum
357 969 393 1022 ob
413 986 578 1024 consensum
597 970 757 1024 contrahere
776 976 903 1040 possunt.
933 966 993 1023 Ita-

79 1051 135 1155 gue
151 1033 175 1087 Ι.
193 1035 316 1106 bigamia
331 1038 375 1092 vel
392 1038 568 1109 polygamia,
593 1056 665 1108 quae
694 1045 736 1093 est
752 1038 834 1092 unius
855 1038 940 1091 maris
962 1038 993 1091 et!

100 1120 197 1157 uarum
216 1105 261 1158 vel
278 1106 399 1175 plurium
410 1107 592 1161 foeminarum
610 1125 665 1162 uno
676 1113 733 1162 tem
754 1123 801 1162 ore
820 1105 993 1173 conductio,

80 1177 110 1225 et
128 1179 238 1241 contra,
263 1181 306 1228 est
331 1175 434 1228 illicita.
472 1175 578 1246 Excipe
598 1183 692 1246 patres
737 1175 796 1230 .'l¹.
822 1124 925 1247 quibus
942 1173 992 1229 illa

79 1239 116 1294 ob
141 1242 275 1311 speciales
297 1259 396 1298 causas
418 1244 541 1311 indulta3
567 1245 595 1298 in
614 1245 648 1299 N.
664 1243 697 1298 T.
720 1244 832 1315 penitus
849 1244 992 1311 damnata,

78 1309 184 1364 Maras.
204 1314 252 1379 19,
271 1315 294 1364 8.
341 1311 378 1366 II.
405 1312 447 1366 Im
469 1312 568 1367 uberes
593 1313 757 1368 contrahere
785 1310 992 1367 matrimonium

78 1394 136 1432 non
152 1384 276 1448 possunt.
312 1380 405 1435 Causa
427 1398 442 1436 e
475 1381 549 1435 ciens
571 1383 697 1451 proxima
720 1383 804 1452 conju
827 1381 845 1434 'i
863 1386 907 1436 est
926 1397 990 1435 con-

80 1463 176 1502 sensus
193 1448 414 1504 contrahentium
435 1451 460 1504 le
483 1449 589 1516 timuis,
608 1449 661 1504 hoc
680 1456 734 1516 est,
757 1451 813 1522 legi
835 1468 868 1504 us
889 1448 990 1503 divinis

79 1520 109 1568 et
127 1515 254 1570 humanis
271 1518 427 1571 conformis.
481 1525 507 1572 st
523 1528 616 1574 autem
627 1519 791 1587 conformis,
811 1518 834 1573 si
851 1517 902 1572 fiat
921 1526 944 1572 1.
958 1516 990 1571 li-

78 1584 148 1638 bera
174 1586 324 1640 voluntate.
363 1592 386 1641 2.
411 1586 484 1641 Sano
509 1593 537 1641 et
560 1588 669 1658 integro
691 1588 806 1657 judicio.
841 1592 865 1645 3.
885 1586 991 1642 Debito

78 1660 228 1722 parentum
244 1653 349 1710 honore
366 1662 395 1709 et
414 1672 558 1724 consensu,
575 1663 604 1710 et
621 1665 645 1710 l.
663 1656 773 1711 decenti
792 1671 859 1726 erga
876 1656 991 1726 propin-

78 1739 149 1791 quos
168 1723 285 1792 pudore.
320 1724 420 1795 ltaque
439 1725 488 1795 qui
509 1741 560 1779 nec
578 1725 701 1805 legitime
722 1725 914 1793 consentiunt,
937 1738 991 1778 nec

78 1790 234 1846 consentire
251 1799 380 1863 possunt,
408 1793 563 1865 legitimum
587 1801 671 1848 stram
695 1794 901 1861 matrimonium
919 1792 991 1847 inire

78 1867 228 1930 nequeunt.
269 1862 334 1915 Noa
360 1861 447 1933 igitur
479 1869 521 1916 est
549 1863 691 1931 lcpitr'mus
718 1862 894 1916 matrimonii
925 1879 990 1915 cors-

79 1935 195 1998 tractus,
217 1937 238 1984 1.
253 1930 301 2000 qui
317 1930 349 1983 fit
368 1947 459 1986 errore
497 1948 618 1998 creonac,
637 1937 668 1984 ut
686 1947 750 1984 oum
768 1931 850 1985 datur
862 1930 922 1984 Lea
938 1945 990 2000 pro

77 1995 215 2068 Rachele3
244 1999 292 2070 qui
319 1998 353 2052 fit
380 2006 403 2055 2.
425 2018 442 2054 a
463 1949 582 2067 fhrioso,
608 2000 738 2053 continuo
761 1999 853 2054 furore
872 1999 991 2070 agitato.

79 2072 103 2121 3.
124 2067 151 2119 A
169 2066 248 2121 fatuo
269 2075 298 2122 et
316 2075 432 2124 amente.
470 2077 493 2124 4.
511 2068 642 2135 Ebrioso,
656 2068 757 2148 judicii
774 2085 827 2121 usu
846 2067 990 2122 destituto.

79 2140 103 2186 5.
120 2134 251 2188 Violenta
262 2144 408 2205 parentum
426 2139 568 2190 coactione
587 2143 615 2190 et
632 2136 842 2206 minisinjustis.
868 2141 892 2191 6.
906 2135 990 2191 clan-

78 2201 194 2256 destinis
212 2203 362 2258 liberorum
379 2205 640 2275 desponsationibus
653 2211 765 2275 practer
782 2213 809 2260 et
825 2209 924 2263 contra
940 2220 990 2275 pfl·

76 2276 187 2324 rentum
204 2273 375 2326 voluntatem
395 2280 422 2328 et
442 2291 611 2328 consensum.
642 2281 665 2327 7.
686 2272 790 2328 Contra
807 2273 913 2344 gradus
946 2289 990 2328 ro·

77 2336 181 2392 hibitos
193 2341 451 2422 consanguinitatis.
478 2344 589 2394 Errant
602 2342 688 2413 igitur
696 2343 847 2411 pontificii,
859 2343 908 2413 qui

78 2405 141 2477 ipsa
158 2408 335 2463 matrimonia
351 2409 453 2478 partim
470 2427 520 2480 pro
537 2410 609 2464 veris
626 2410 743 2478 habent,
761 2409 864 2480 partim
879 2428 931 2480 per
949 2410 990 2467 di·

78 2475 269 2545 spensationes
293 2477 432 2546 pontificis
457 2486 554 2533 contra
575 2479 653 2550 leges
677 2479 785 2533 divinas
805 2485 833 2533 et
851 2479 990 2534 humanas

77 2544 244 2613 approbant,
265 2547 371 2600 Concil.
392 2549 519 2601 Trideat.
536 2565 602 2603 sess.
622 2555 664 2604 24.
685 2564 708 2601 c.
730 2554 754 2602 3.
770 2549 911 2602 Bellarm.
929 2549 949 2605 l.
967 2555 989 2605 1.

78 2612 114 2668 de
134 2613 251 2668 matrim.
270 2631 293 2667 c.
314 2621 354 2669 27.
375 2622 394 2669 t.
414 2621 437 2670 3.
455 2618 498 2670 col
524 2623 597 2672 1415.
617 2616 652 2670 D.
686 2616 788 2669 Forma
804 2617 929 2688 conjugii
947 2622 989 2672 est

77 2682 234 2749 vinculum,
255 2699 341 2737 nexus
361 2684 420 2739 sive
437 2685 588 2764 obligatio,
608 2702 680 2766 quae
700 2701 734 2739 ex
752 2689 848 2739 mutuo
866 2684 989 2754 partium

77 2749 298 2805 contrahentium
317 2768 452 2807 consensu
471 2754 702 2807 inarctrss1mam
721 2753 944 2823 conjunctionem
959 2754 989 2810 in

54 2835 162 2891 ¹unam
185 2835 295 2874 carnem
312 2821 407 2875 oritur.
442 2823 543 2894 Itaque
564 2822 761 2896 ἀντίστροφον,
780 2821 838 2875 sive
860 2823 903 2875 ‘us
921 2823 989 2879 reci·

76 2903 192 2959 procum
217 2893 260 2942 est
280 2891 440 2961 conjugium
461 2891 491 2945 in
513 2891 626 2946 alterius
650 2907 766 2961 corpus,
791 2895 816 2943 1.
860 2909 903 2944 or.
925 2893 940 2944 7
965 2895 989 2957 4,

77 2956 256 3028 omniumque
272 2975 363 3012 rerum
380 2959 543 3014 communio.
576 2959 654 3014 Finis
674 2958 799 3040 conjugii
816 2965 859 3012 est
877 2932 989 3029 duplex,

81 3030 103 3080 1.
122 3029 249 3080 mutuum
268 3027 450 3098 adjutorium,
480 3027 550 3082 Gen.
570 3033 597 3098 2,
617 3035 657 3084 1⁸.
698 3033 721 3082 2.
740 3027 905 3082 Liberorum
946 3045 988 3084 ro·

78 3093 192 3163 creatio,
213 3094 284 3148 Gan.
298 3103 321 3165 1,
334 3100 378 3151 28.
407 3096 460 3151 Cui
470 3096 623 3151 includitur
634 3097 816 3152 accessorius:
834 3046 988 3165 remedium

78 3161 211 3217 adversus
233 3180 320 3235 vagas
342 3164 486 3233 libidines,
513 3171 537 3219 1.
558 3167 622 3221 Cor.
644 3170 665 3234 7,
684 3170 710 3219 2.
748 3165 805 3221 Ubi
821 3170 915 3221 tamen
933 3182 988 3222 non

76 3231 235 3285 excluditur
251 3232 389 3304 generalis
408 3241 436 3290 et
451 3252 587 3303 summus,
611 3252 711 3304 nempe
728 3234 819 3305 gloria
837 3232 898 3288 Dei.
932 3233 988 3291 lta-

79 3314 134 3369 qns
160 3299 208 3370 qui
227 3307 291 3355 sunt
313 3307 414 3357 natura
433 3302 543 3375 frigidi,
568 3303 613 3357 vel
636 3305 762 3371 castrati,
784 3301 830 3356 rel
853 3307 988 3372 perpetua
