2250 3772
106 254 171 320 300
243 253 350 339 Caput
371 254 414 321 II.
457 254 510 318 De
532 254 679 340 symbolo
702 253 885 341 apostolico.

104 444 223 505 umque
243 422 383 487 hostium
404 423 607 487 infernsiium
631 424 878 500 demonstraret,
897 422 931 487 de
946 418 983 485 iis·

104 506 242 591 demque
264 508 493 655 5potentissime
524 509 750 593 triumpharet,
789 512 839 576 Os.
867 510 919 586 13,
944 504 985 589 143

108 592 135 658 1.
155 594 223 659 Cor.
245 596 261 655 1
286 595 374 670 ,553
398 596 513 678 Ephes.
533 595 564 669 4,
589 596 638 661 10.

174 712 304 774 (Errant
342 711 475 778 artificii,
495 711 543 782 qui
562 710 717 779 Christum,
735 714 767 764 ut
784 710 889 764 animas
904 710 992 779 pum

105 780 167 836 Vet.
187 778 262 835 Test.
283 796 297 832 e
316 729 407 834 iimbo
423 779 552 834 infernali
572 780 708 843 educeret,
727 780 881 834 secundum
896 777 997 854 animm

106 847 144 901 sd
161 846 300 902 infernum
313 848 489 903 descendisse
499 848 617 920 fingunt.
643 849 783 902 Bellarrn.
795 848 814 901 t
827 854 852 903 4.
866 847 900 902 ds
911 844 998 899 chnut

106 916 189 971 anim.
216 932 240 971 c.
262 923 299 970 12.
326 922 355 970 et
377 924 415 971 15.
437 924 457 971 t.
476 924 496 971 l.
520 917 572 971 col.
594 924 653 973 435.
671 916 703 973 C.
722 933 779 988 seq.
799 922 859 972 463.
899 912 999 969 [tntu

106 983 180 1038 enim
197 984 249 1038 ists
266 990 377 1054 patrum
398 992 419 1040 1.
440 986 599 1056 Scripturas
619 987 703 1056 plane
720 986 893 1056 incognitus,
913 994 999 1055 prum

105 1058 205 1124 putum
225 1054 422 1107 monachorum
444 1053 607 1125 figmentum
631 1062 680 1109 est.
722 1059 746 1108 2.
764 1054 884 1109 Animas
905 1052 999 1123 piorum

105 1127 171 1174 sunt
189 1120 219 1174 in
231 1138 314 1175 manu
326 1120 389 1189 Dei,
410 1122 478 1192 Sap.
491 1129 518 1192 3,
536 1130 558 1191 1,
576 1124 649 1177 inter
659 1123 710 1177 hos
722 1126 751 1177 et
762 1123 905 1176 damnatos
915 1120 999 1191 ingen!

106 1189 215 1256 hiatus,
234 1192 301 1244 Luc.
320 1194 362 1258 16,
382 1195 426 1245 26¹.
466 1198 488 1246 3.
509 1192 607 1246 Patres
628 1193 657 1245 in
683 1191 791 1246 inferno
815 1207 872 1245 non
893 1190 999 1265 frunt,

106 1258 139 1312 E.
147 1275 210 1317 ,nec
228 1259 293 1312 inde
305 1259 416 1314 liberari
428 1261 593 1315 debuerunt.
621 1267 645 1315 4.
658 1260 757 1315 Patres
770 1260 800 1313 vi
813 1259 902 1315 meriti
913 1256 999 1310 curun

105 1327 227 1465 {tut-¹³
246 1327 999 1453 ‘ittittttmmtttttntttrittnftttttt

105 1465 167 1518 rati.
203 1466 265 1517 Nec
283 1466 374 1519 obstat
396 1472 419 1519 1.
440 1468 518 1521 Petr.
539 1471 567 1533 3,
588 1470 630 1522 19,
655 1467 794 1521 Bellurm.
813 1466 840 1519 d.
858 1466 876 1520 l.
893 1481 924 1519 cc
941 1464 999 1516 .15.

106 1532 157 1587 ool.
176 1539 235 1587 455.
253 1531 289 1589 Ι).
324 1534 388 1589 Non
406 1536 479 1589 enim
496 1536 618 1605 loquitur
635 1534 675 1589 ibi
693 1534 794 1589 Petrus
813 1535 848 1589 de
866 1534 912 1590 SS.
923 1482 999 1586 iari-

105 1600 167 1670 bus,
187 1601 237 1656 sed
255 1603 289 1656 ds
307 1602 551 1673 impoenitentibus
566 1610 595 1658 et
606 1602 795 1675 immorigeris,
813 1603 861 1674 qui
873 1602 932 1656 olim
941 1606 999 1653 ten·

106 1686 174 1740 pore
183 1670 243 1726 Noe
256 1670 308 1724 sibi
322 1673 489 1740 persuadere
501 1691 557 1727 non
568 1672 756 1753 patiebantur,
774 1676 807 1724 ut
817 1666 999 1743 poenitentiam

105 1739 268 1862 tempestive
287 1749 409 1810 agerent,
429 1741 547 1812 ideoque
566 1759 595 1795 rn
612 1757 750 1794 carcerem
769 1739 871 1794 inferni
889 1738 999 1808 conjecti·

106 1807 160 1873 Qui
182 1825 214 1861 us
225 1808 351 1863 Christus
363 1810 536 1889 praedicavit
555 1826 611 1864 non
629 1810 658 1863 in
672 1808 766 1877 limbo,
787 1810 837 1863 sed
849 1826 899 1879 per
906 1808 999 1864 norum

104 1893 271 1948 praeconem
286 1878 419 1948 justitiae,
459 1877 569 1933 Confer.
595 1878 695 1933 Gener.
710 1881 772 1947 7,1.
801 1880 863 1931 Nec
882 1884 905 1932 2.
921 1872 999 1930 otest

106 1950 132 2000 1.
152 1947 229 1999 Patr.
249 1951 274 2009 4,
295 1954 319 2001 6.
358 1947 440 2000 Idem
459 1947 526 2001 ibid.
545 1947 596 2001 col.
615 1952 672 2003 456.
690 1945 725 2000 Α.
763 1946 816 2000 Est
833 1947 906 2001 enim
920 1942 998 2013 ullae

105 2014 152 2085 fig.
166 2015 232 2069 dict.
251 2016 455 2068 Praedicatum
471 2025 511 2069 est
524 2017 650 2082 mortuis,
668 2015 720 2069 hoc
736 2020 786 2079 est,
805 2016 838 2069 iis
850 2016 898 2087 qui
912 2016 999 2067 mortni

105 2091 192 2150 erant,
211 2100 274 2136 cum
285 2083 386 2138 Petrus
406 2085 474 2139 haec
494 2084 635 2153 scriberet,
655 2084 704 2139 sed
721 2090 788 2138 tuno
806 2102 870 2138 cum
886 2084 918 2137 iis
931 2092 999 2151 pras·

106 2151 264 2218 dicabatur,
288 2153 427 2207 vivebant.
463 2153 522 2206 Alii
549 2170 611 2206 cum
639 2153 798 2224 Augustino
824 2153 860 2207 de
883 2146 998 2224 gentitus

105 2219 286 2289 spiritualiter
302 2227 367 2275 ante
387 2222 592 2276 conversionem
610 2223 724 2276 mortuis
737 2222 954 2291 interpretantur,
965 2212 997 2267 i⁰

106 2287 314 2357 quoBellarm.
332 2290 357 2342 d.
370 2289 422 2344 loc.
454 2290 547 2345 Unum
558 2290 604 2344 hic
616 2299 698 2345 nota:
736 2307 876 2361 uanquam
889 2288 997 2345 crustu·

105 2361 297 2435 consummato
324 2373 406 2427 opere
430 2359 606 2413 redemtionis
630 2377 659 2414 se
686 2308 783 2414 inieris
807 2360 941 2437 victorem·
957 2350 996 2405 dt·

104 2431 283 2493 monstrant,
310 2427 376 2496 quia
399 2435 491 2482 tamen
515 2428 671 2483 hominibus
692 2444 752 2482 sess
775 2429 898 2483 nondum
918 2434 994 2499 vrvutp

104 2493 243 2562 exhibuit,
268 2494 330 2548 ideo
348 2495 421 2549 hunc
439 2498 474 2550 de
494 2498 628 2551 descensu
646 2497 749 2552 Christi
775 2496 813 2550 ad
830 2497 930 2551 inferos
943 2494 996 2547 arii·

104 2563 198 2618 cuium
219 2564 256 2616 nd
274 2570 376 2618 statum
396 2567 535 2635 quendam
558 2565 750 2620 intermedium
774 2582 831 2619 non
855 2565 907 2619 abs
923 2572 993 2617 tert·

103 2632 184 2698 ferri,
210 2639 243 2685 ut
266 2632 305 2687 sic
328 2632 421 2704 niiquo
445 2635 527 2688 modo
550 2651 594 2688 res
617 2641 709 2689 ectum
731 2634 837 2688 habent
859 2618 994 2704 partint(i

104 2706 208 2755 statum
228 2700 427 2772 exinanitionis,
447 2703 548 2772 partim
568 2653 614 2756 eti
621 2709 724 2757 statum
744 2701 935 2770 exaltationis.)

157 2830 235 2894 DE
267 2828 464 2896 STATU
494 2824 960 2896 EXALTATIONIS.

255 2934 282 2996 1.
316 2931 451 3009 Quinam
474 2944 637 2995 tetstatur
660 2934 877 2998 recitationis?

188 3032 228 3095 In
250 3055 345 3115 quem
366 3032 512 3097 Christus
535 3058 554 3096 a
577 3035 708 3097 mortuis
731 3035 932 3099 resuscitatus
947 3036 990 3111 pti

104 3117 321 3181 ascensionem
345 3118 490 3181 suam-in
512 3119 617 3182 coelos
640 3119 681 3181 ad
701 3118 846 3182 dextram
867 3118 990 3200 majestv

103 3199 144 3262 tis
159 3200 224 3263 Dei
247 3215 373 3266 evectus
390 3214 511 3285 regnat,
534 3214 566 3266 et
626 3203 737 3266 bernat
752 3192 860 3268 oninia
874 3204 906 3267 in
920 3188 989 3265 coei⁰

104 3293 135 3348 et
149 3284 183 3347 in
198 3296 291 3364 terra,
308 3289 409 3353 Marc.
424 3288 473 3365 16,
488 3289 544 3364 19;
583 3314 645 3363 atto.
657 3290 709 3366 22,
721 3290 779 3365 69;
796 3298 865 3354 Act.
878 3291 905 3367 1,
915 3287 940 3353 9.
950 3284 991 3343 tii·
