2250 3772
331 238 492 322 Quartum
513 248 727 326 praeceptum.
942 235 985 301 97

109 408 157 475 tt
183 409 201 465 J
311 425 341 465 se
363 414 472 479 patrem
496 408 651 464 Pharaonis
675 407 855 463 constitutum
879 403 948 459 dicit
966 421 986 460 a

106 474 206 543 omno,
263 495 306 533 ea.
328 481 380 547 4⁵,
398 481 422 532 8.
463 478 540 549 Ergo
562 482 592 532 et
613 475 762 533 consiliarii
785 480 887 546 patres.
924 472 986 539 Quo

105 558 164 601 ausu
182 546 361 602 communiter
383 548 563 628 magistratus
588 545 720 600 dicuntur
745 549 840 615 patres
857 543 985 668 §atriae

105 612 199 685 Xaopt
215 616 250 671 de
266 615 355 669 instit.
374 614 441 685 Cyn
459 615 477 670 l
495 621 520 674 8.
536 633 564 685 p.
584 620 643 669 215.
684 613 736 669 vl.
762 613 840 668 Servi
885 628 986 667 aeman

105 679 150 751 Syri
161 685 299 739 nominant
315 684 409 754 ipsum
426 689 544 754 patrem,
563 687 590 738 2.
611 685 680 750 Περ.
696 688 722 750 5,
741 686 785 737 13.
821 682 884 747 Quo
901 697 985 735 sensu

104 753 255 809 conmuniter
281 753 379 808 heroes
404 752 620 823 patresfamilias
636 751 787 806 nominant.
822 749 896 805 Vide
914 750 986 806 Jed.

104 820 161 885 tlt
185 821 249 877 vll,
268 821 410 877 Seniorem
426 821 545 877 obsecra
560 826 593 875 ut
610 825 726 891 patrem,
743 837 813 874 anus
830 823 863 873 ut
873 824 984 884 matres,

106 889 192 967 iiim.
209 896 236 959 5,
254 892 279 944 1.
291 893 319 944 2.
349 890 425 961 Ergo
444 896 473 945 et
489 896 589 944 natura
605 889 755 944 relatorum
771 887 886 954 subditi,
903 887 986 955 servi,

102 956 197 1023 juniores
215 964 268 1013 eta
286 957 405 1013 filiorum
422 960 533 1013 nomine
550 957 838 1027 comprehenduntur.)

106 1072 139 1139 12.
169 1076 324 1155 Quaenam
351 1091 423 1143 sunt
441 1092 548 1144 mutuo
571 1080 683 1142 horam
705 1078 839 1141 omnium
862 1074 987 1159 officia?

164 1175 205 1242 Su
229 1177 369 1242 eriorum
397 1178 539 1244 officium
568 1179 603 1242 in
630 1201 748 1264 genere
779 1176 986 1262 comprehen-

104 1254 165 1323 ditur
180 1201 237 1326 suli
259 1263 389 1328 nomine
410 1275 598 1348 parentum,
619 1264 805 1328 inferiorum
825 1284 901 1327 vero
924 1261 985 1325 sub

104 1345 202 1412 nomme
223 1347 363 1414 honoris.

120 1459 155 1526 13.
193 1466 277 1545 Quid
288 1480 459 1551 parentem
479 1489 589 1530 nomen
610 1469 784 1551 superiores
805 1465 969 1530 admonet?

165 1564 208 1631 Ut
227 1577 362 1653 paterna
383 1589 474 1652 cura,
496 1590 604 1631 amore
627 1579 659 1632 et
681 1567 797 1631 affectu
818 1566 988 1632 inferiores

104 1651 204 1727 quosvis
237 1662 487 1738 prosequentur,
518 1651 615 1737 inque
644 1652 791 1716 omnibus
819 1662 989 1737 parentum

105 1728 216 1800 officium
240 1736 353 1801 sedulo
377 1735 503 1801 faciant

153 1852 219 1918 (Hae
234 1854 322 1915 initur
337 1854 454 1907 virtutes
478 1860 506 1906 et
530 1853 631 1922 officia
653 1851 720 1923 ipsis
738 1850 784 1907 hic
800 1852 829 1906 in
846 1853 986 1907 communi

79 1922 297 1993 eseiptuntur:
333 1930 356 1978 1.
378 1921 502 1976 Paterna
529 1920 672 1976 inferiores
700 1924 802 1994 στοργῇ
833 1922 989 1991 complecti.

106 1984 239 2061 llosdem
257 1991 341 2071 alem,
361 1989 466 2044 nutrire
483 2007 517 2044 ac
535 1990 662 2045 educare.
699 1995 721 2045 3,
741 1990 885 2044 Adversus
905 2006 986 2070 quas·

105 2062 134 2104 ”³
146 2056 252 2129 injurias
275 2058 534 2114 etmmdefendere.
561 2058 756 2114 ‹tlnDcmino
774 2058 894 2113 fideliter
908 2059 986 2113 insti·

104 2121 165 2181 hue
202 2136 227 2185 5.
252 2128 401 2198 Inculpatc
425 2126 506 2190 fidei,
533 2128 608 2182 vitae
630 2145 664 2181 ac
688 2144 795 2181 morum
818 2127 987 2198 integritatis

104 2197 201 2267 exemplo
218 2196 391 2268 praelucere.
409 2202 433 2251 6.
453 2195 610 2265 Disciplina
625 2197 704 2266 justa
721 2197 852 2251 decenter
869 2200 985 2267 regere.)

134 2311 172 2378 14.
215 2314 301 2393 Quid
322 2316 445 2381 lionoris
466 2339 575 2381 atomon
597 2318 760 2400 inferiores
782 2319 945 2383 admonet?

164 2416 209 2483 Ut
234 2427 384 2503 parentes
412 2427 444 2481 et
470 2417 617 2481 dominos
646 2417 826 2501 superiores
858 2419 988 2502 quosvis

101 2488 186 2566 debito
213 2501 335 2566 honore
362 2513 544 2566 reverenter
573 2500 728 2586 afficiant,
755 2503 818 2567 illis
840 2504 988 2582 servient,

102 2594 198 2650 merem
217 2597 342 2671 gerant,
362 2608 417 2651 eos
438 2608 504 2650 non
525 2596 742 2672 contemnent,
762 2590 803 2652 ad
823 2587 911 2652 iram·
924 2611 992 2653 non

102 2680 309 2806 &umescant
338 2671 396 2736 sed
415 2694 523 2736 amore
546 2685 780 2756 prosequentur
806 2684 837 2737 et
864 2673 990 2758 magni-

113 2766 202 2819 scant.

154 2872 219 2955 (liae
239 2888 308 2943 ergo
330 2873 447 2954 cimaea
471 2881 498 2926 et
520 2875 620 2954 officia
643 2873 710 2943 ipsis
732 2874 762 2927 iu
786 2875 924 2955 communi
943 2876 989 2931 hic

103 2941 617 3089 littllttsilltlttltltl
628 2959 674 3066 ¹32³
675 2944 943 3067 11110ἰέ111εηίὶὲ
945 2962 989 3068 ‘ill

104 3073 176 3130 ttrans
190 3078 332 3134 honorare.
375 3084 399 3134 3.
417 3077 477 3132 Illis
496 3079 526 3132 in
548 3079 631 3133 licitis
652 3085 681 3135 et
706 3079 828 3133 honestis
850 3083 989 3138 mandatis

103 3134 178 3216 (lebita
198 3146 380 3202 submissione
402 3147 520 3202 libenter
542 3146 669 3213 obedire,
697 3165 730 3202 ae
754 3165 818 3201 cum
839 3150 937 3206 timore
961 3158 990 3207 et

103 3212 258 3280 amplctere
274 3216 414 3271 inservire.
453 3222 477 3271 4.
496 3216 595 3271 Fidem
613 3222 642 3271 et
663 3217 900 3273 conversationem
917 3220 989 3290 ipso·

105 3288 153 3331 mm
170 3281 309 3341 honestem
332 3285 378 3355 pie
399 3284 511 3340 imitari.
546 3290 568 3340 5.
585 3284 791 3340 Gratitudinem
813 3292 842 3342 et
865 3295 990 3344 mutuam

811 3380 823 3423 7
