2250 3772
112 261 178 327 304
246 258 353 346 Oaput
373 258 416 325 IL
460 260 514 325 De
538 259 687 345 symbolo
707 258 894 345 apostolico.

113 427 174 499 ipse
195 427 303 482 coelum
320 428 426 496 ceperit
443 433 471 481 et
491 428 647 497 occuparit,
663 432 799 498 tanquam
816 426 949 491 Dominus,
960 431 999 477 cu

113 497 206 553 omnia
223 497 357 568 submota,
376 500 400 549 1.
415 497 538 550 Corinth.
555 501 594 564 16,
608 502 648 566 17,
667 513 740 567 quae
761 497 792 551 in
809 497 886 551 coelo
902 500 999 551 ettam

113 567 219 622 Mattio.
238 569 281 634 26,
299 570 341 622 1⁸.
375 565 484 620 Confer.
503 566 601 622 Actor.
620 568 652 633 2,
673 570 720 621 33.
743 568 791 619 et.
811 568 875 633 36⁵.)

113 688 144 754 6.
177 687 293 751 Annon
320 708 392 770 erqo
419 688 512 750 etiam
545 685 703 763 Christus,
735 708 772 749 ec
793 708 853 769 qno
874 687 906 749 in
926 682 999 747 coelo·

147 772 292 854 ascendit,
314 772 479 833 secundnm
499 771 718 834 humanitatem
740 794 829 834 sunm
844 790 978 855 praesent

456 857 551 917 estin
576 853 687 918 terris?

199 953 347 1022 Visibilis
375 953 506 1036 quidem
531 953 616 1017 illius
646 954 828 1039 praesentia
854 953 942 1019 nobis
957 970 999 1037 per

115 1061 282 1104 ascensum
309 1038 343 1101 in
372 1039 478 1103 coelos
500 1039 625 1103 sublata
647 1052 711 1116 est;
739 1053 789 1104 ast
817 1063 883 1105 non
902 1048 999 1103 tuntum

115 1125 150 1189 in
168 1124 274 1188 coelos
294 1124 454 1200 ascendit,
477 1124 534 1187 sed
555 1134 587 1187 et
608 1147 705 1209 supra
725 1147 835 1188 omnes
857 1116 999 1189 coelosttl

115 1209 260 1274 dextram
282 1209 456 1292 majestatis
485 1219 517 1273 et
543 1208 666 1273 virtutis
689 1209 753 1273 Dei
781 1210 934 1274 exaltatus
956 1214 997 1271 on

116 1294 204 1358 Hinc
228 1295 307 1358 adeo
336 1293 381 1370 fit,
404 1305 439 1358 ut
459 1306 544 1357 totus
561 1291 707 1358 Christus
726 1293 949 1371 i‘tsoivttpmnnc
963 1310 999 1355 sa·

114 1380 255 1444 cundum
270 1390 438 1461 utramque
453 1393 598 1442 naturum
615 1378 818 1443 invisibiliter
840 1378 925 1444 omni
936 1394 997 1441 cres·

115 1474 221 1546 turae,
248 1463 393 1548 inprimis
413 1486 487 1527 vero
510 1463 663 1528 ecclesiae
686 1474 717 1528 et
745 1486 897 1550 praesens
925 1462 998 1526 sitct

116 1570 185 1613 esse
207 1548 283 1613 velit
303 1559 335 1612 et
356 1570 426 1612 esse
447 1548 559 1633 possit.

186 1666 338 1735 (Potentcr
356 1665 484 1719 nimirum
504 1665 533 1719 in
552 1665 642 1721 medio
659 1664 843 1729 inimicorum,
862 1667 909 1719 Pe.
922 1660 997 1729 tuta.

121 1734 263 1799 Gratiano,
279 1734 308 1789 in
321 1735 445 1798 ecclesia,
458 1736 561 1788 Mattt.
574 1738 618 1789 2³.
636 1753 661 1788 v.
678 1735 729 1787 ult.
758 1735 881 1800 linisticc
893 1734 920 1787 in
929 1742 997 1793 coen,

116 1805 222 1859 Mattio.
240 1807 287 1872 26,
304 1808 358 1871 2⁶¹5
384 1807 407 1855 1.
428 1802 493 1859 Cor.
513 1807 556 1871 11,
575 1807 619 1856 24.
659 1803 731 1856 Cava
752 1810 846 1858 autem
865 1798 997 1857 carnatus

115 1874 161 1927 ln'c
180 1873 419 1942 speculationibus
443 1874 479 1925 de
503 1873 659 1926 inclusione
682 1873 772 1925 loculi
796 1874 827 1925 in
844 1866 997 1927 omninstr

111 1942 353 2013 prolocutione,
373 1941 519 1994 cuntionis
538 1950 585 1994 etc.
606 1941 766 2009 indulcans.
795 1941 934 1995 Acmona.
946 1936 997 1991 Nn

118 2012 191 2064 stud.
210 2027 233 2064 c.
248 2016 271 2064 9.
292 2029 317 2078 p.
332 2015 391 2075 322,
409 2009 458 2063 ubi
475 2010 546 2063 salso
559 2011 658 2063 nostris
670 2008 813 2077 tribuitur,
832 2010 895 2064 vide
914 2004 996 2063 renat

117 2079 223 2133 catech.
255 2079 359 2149 Ubiqu.
381 2080 419 2132 D.
433 2080 526 2158 llnnp.
545 2097 570 2147 p.
586 2085 625 2133 22.
640 2084 680 2132 23.
707 2078 781 2132 Cave
799 2079 906 2146 itidem,
920 2073 997 2131 neta

117 2147 272 2214 exemplum
294 2148 371 2217 ‚regis
392 2146 590 2215 Hispaniarum
616 2147 644 2200 in
668 2154 743 2200 certo
772 2148 866 2217 regiae
883 2163 944 2201 suae
957 2142 998 2195 1⁰⁰⁰

117 2214 238 2268 sedentis
256 2221 285 2268 et
302 2233 352 2285 per
369 2216 566 2286 subdelegatos
585 2232 648 2269 suos
665 2216 748 2285 longe
771 2215 875 2269 dissitis
887 2215 998 2270 luditur

117 2281 278 2352 regionibus
291 2283 452 2352 imperantis
465 2286 664 2351 accommodes,
683 2291 714 2337 ut
727 2285 811 2348 Bona,
826 2284 875 2339 lib.
889 2285 922 2338 de
931 2280 997 2336 uniat

117 2351 257 2421 hypostot.
275 2351 328 2403 vol.
350 2359 372 2405 3.
391 2370 417 2421 p.
439 2358 478 2407 98.
515 2352 593 2407 ldem
613 2354 640 2406 iu
659 2352 764 2422 colloq.
780 2353 925 2424 Mompelg.
939 2348 997 2420 pli·

118 2421 219 2489 Apage
237 2420 304 2473 istas
321 2420 452 2489 ineptias!
477 2421 548 2475 Vide
569 2439 652 2491 supra
671 2422 705 2476 de
724 2421 826 2476 trininno
844 2412 999 2491 personali&

119 2489 311 2543 communicat.
337 2490 594 2558 omnipraesentiae.
637 2491 719 2543 Niln'l
742 2488 787 2543 hic
816 2492 905 2544 obstat
929 2488 997 2543 Mar·

119 2561 167 2623 16,
186 2560 220 2610 6.·
248 2557 311 2612 Non
337 2567 378 2612 est
403 2559 448 2612 hic
490 2559 564 2613 vioe
583 2561 704 2624 Mantua
725 2558 756 2611 L.
776 2558 807 2613 C.
829 2560 909 2613 class.
928 2563 947 2611 3.
961 2552 996 2606 1⁰⁰·

121 2632 160 2681 15.
173 2626 191 2680 f.
206 2632 263 2680 375.
283 2644 310 2679 n.
321 2633 363 2681 65.
399 2628 537 2697 Loquitur
556 2629 627 2681 enim
647 2628 763 2698 angelus
783 2628 816 2681 de
830 2628 930 2682 visibili
941 2633 998 2748 pm·

118 2697 210 2749 sentia
234 2694 322 2748 locali.
358 2696 505 2750 Necron.
531 2700 652 2765 11‚15.·
682 2700 744 2749 Non
765 2696 820 2749 fuit
843 2697 906 2751 illic.
955 2692 999 2765 dt?

118 2765 197 2819 class.
218 2770 241 2817 t.
269 2764 319 2818 loc.
341 2772 379 2819 to.
406 2783 434 2834 p.
456 2773 512 2818 tur.
537 2783 563 2817 n.
585 2772 625 2819 69.
663 2765 878 2819 Cousuuduntur
895 2754 999 2820 enindr

118 2832 212 2886 stincti
237 2840 324 2885 status
343 2833 535 2887 exinanitionis
563 2842 591 2888 et
608 2834 790 2888 exaltationis.
829 2833 864 2888 In
881 2828 999 2901 hisigiw

118 2909 147 2956 et
165 2900 299 2955 similibus
318 2910 361 2954 est
379 2902 483 2958 elench.
503 2903 572 2971 plur.
592 2910 708 2973 quaest.)

292 3022 319 3087 7.
357 3020 440 3098 Quid
462 3025 557 3103 icitur·
579 3034 622 3086 est
641 3025 750 3085 (latrina
770 3021 857 3086 Dei?

203 3124 293 3188 Deus
321 3138 369 3188 est
399 3124 555 3209 Spiritus,
583 3128 648 3191 Jou
678 3127 716 3202 4,
742 3128 799 3202 24,
829 3147 866 3189 ac
894 3110 999 3211 prointlt

117 3230 178 3270 nec
206 3231 337 3294 corpus,
372 3232 430 3273 nec
455 3213 612 3290 membra,
644 3234 703 3274 nec
731 3211 875 3273 doxtrum
899 3214 999 3294 proprtl

118 3292 223 3361 habet.
266 3295 423 3381 Intelligit
455 3312 562 3360 nutem
595 3295 761 3381 Scriptura
792 3319 851 3381 per
883 3296 999 3359 derum
