2250 3772
465 239 640 326 Scriptura.

328 411 359 472 Τ
355 413 487 475 redeeim
509 410 654 495 epietolue
677 408 773 473 Pauli
784 434 792 468 ε

133 528 543 613 l.AdRomanostaI›.eop.16
570 527 599 592 8.
615 524 710 589 Prior
726 525 767 590 ad
783 525 970 590 Thessalon.

130 612 151 676 2.
161 612 238 677 Prior
252 615 293 677 ad
309 611 452 678 Corinth.
502 614 542 676 16
615 613 683 674 tab.
696 635 763 695 eap.
992 610 1013 677 5

130 697 266 764 3.P0ster.
283 699 324 762 ad
341 697 484 762 Corinth.
502 698 542 761 13
569 697 598 762 9.
615 695 738 759 Poster.
765 696 805 758 ad
827 695 970 761 Thessal.
992 697 1013 764 3

130 782 152 845 4.
163 784 206 846 Ad
220 783 351 848 Galatas
521 785 542 846 6
571 783 620 847 10.
636 780 731 844 Prior
746 780 787 843 ad
803 781 942 844 Timoth.
992 779 1012 843 6

128 866 202 931 aad
215 868 373 955 Ephesios
521 868 541 932 6
571 869 619 930 11.
635 866 760 930 Poster.
775 865 816 929 ad
831 865 969 930 Timoth.
991 865 1013 930 4

129 950 150 1013 6.
161 952 203 1016 Ad
213 953 435 1038 Philippenses
521 953 543 1015 4
571 952 619 1015 12.
638 950 693 1012 Ad
708 950 818 1013 Titum
991 951 1012 1015 3

130 1034 201 1101 tad
214 1037 420 1104 Colossenses
521 1037 618 1100 413.
635 1035 690 1097 Ad
703 1035 925 1099 Philemonem
995 1039 1011 1100 1

268 1122 417 1186 Similiter
437 1143 502 1183 una
520 1119 611 1184 Petri
629 1122 696 1185 heb.
717 1142 786 1206 cap.
822 1122 844 1185 5

440 1228 505 1268 una
526 1205 685 1272 Johanuis
824 1205 845 1270 5

127 1354 149 1417 9.
184 1359 334 1438 Quomodo
356 1361 526 1422 enumerati
552 1359 585 1420 Iti
613 1370 676 1422 tam
702 1359 809 1422 ueteris
839 1369 903 1420 tum
925 1356 1012 1420 Novi

210 1445 393 1507 Testamenti
412 1445 486 1506 libri
505 1445 585 1507 aliae
607 1443 763 1536 appellari
783 1442 903 1505 soleat?

189 1543 402 1630 Appellantur
422 1543 552 1628 vulgato
580 1543 708 1607 nomine
738 1547 877 1606 cartoniei
889 1566 898 1605 :
935 1542 1011 1626 quia

127 1627 210 1689 rutile
236 1640 310 1693 sunt
338 1640 371 1692 et
396 1629 597 1692 exactissima
629 1628 755 1691 divinae
790 1627 930 1691 veritatis
960 1650 1011 1691 re-

125 1706 196 1803 gula,
223 1713 381 1797 adquam
403 1736 512 1777 omnes
542 1713 595 1777 alii
624 1713 698 1776 libri
727 1712 896 1796 exigendi,
926 1713 1011 1776 diota

126 1801 190 1941 pepp,
209 1798 342 1946 spiripta,
364 1808 396 1861 et
417 1799 568 1882 dogmata
590 1797 720 1882 quaevis
743 1797 843 1860 libere
866 1808 940 1859 sunt
962 1797 1011 1860 di-

124 1896 150 1957 Ju
176 1902 228 1945 ean
250 1907 277 1947 a

175 1997 293 2064 (Notatio
312 1999 430 2054 sumitur
445 2016 463 2053 a
481 1999 655 2070 comparatis.
687 1997 926 2061 Quemadmodum
938 1996 1010 2052 euim

122 2064 213 2131 probati
231 2068 350 2123 artifices
368 2069 460 2122 omnia
479 2085 530 2122 sua
547 2068 659 2138 opificia
677 2067 713 2121 ad
731 2074 857 2133 exactam
878 2065 1011 2120 amussim

120 2142 188 2256 Ἥ
207 2144 234 2190 et
251 2154 341 2192 canon
359 2137 470 2206 dieitur)
501 2138 627 2208 exig1mt‚
656 2153 782 2206 quaeque
808 2135 872 2188 huie
890 2152 1011 2189 consona

173 2204 267 2273 ttunt,
284 2213 313 2260 et
330 2206 516 2274 discrepantia
533 2206 677 2275 rejiciunt:
698 2205 739 2257 ita
755 2204 784 2256 hi
802 2204 866 2257 libri
884 2203 1011 2258 eanoniei

118 2279 169 2324 sunt
195 2275 272 2353 quasi
298 2275 452 2329 tutissimus
479 2291 580 2339 canon,
608 2281 636 2328 et
659 2273 774 2327 amussis
799 2273 952 2328 certissima
977 2290 1010 2327 ac

116 2338 273 2411 plenisnma,
302 2343 455 2397 secundum
481 2360 564 2413 quam
588 2343 680 2396 omnia
709 2341 764 2396 alia
791 2342 881 2411 dieta,
907 2342 1011 2412 scripta

115 2422 141 2460 ae
159 2410 287 2482 dogmata
311 2412 505 2483 dijudicanda,
534 2418 563 2466 et
588 2429 660 2493 quae
685 2429 748 2464 oum
775 2411 817 2464 his
845 2414 1009 2482 congruunt,

113 2480 304 2615 Qpioeiendm
332 2496 405 2552 quaa
423 2496 488 2535 vero
507 2497 570 2534 eum
588 2481 687 2535 iisdem
704 2484 845 2550 pugnant,
867 2485 931 2534 suut
947 2480 1010 2549 reji—

112 2560 163 2600 uan
182 2565 206 2602 a.

130 2685 177 2750 10.
224 2689 310 2751 Unde
330 2709 401 2751 vero
423 2699 542 2750 constat
563 2688 659 2750 libros
680 2689 755 2750 istos
782 2686 899 2750 Veteris
924 2687 954 2747 T
951 2710 983 2750 e-

341 2775 486 2836 stameati
504 2791 567 2836 esse
588 2771 777 2836 canonicos?

184 2870 283 2933 Inde:
307 2868 395 2950 Quia
420 2877 444 2937 l.
466 2873 574 2936 divina
596 2872 697 2958 ipsius
718 2871 891 2946 doetrinae,
914 2892 1011 2953 quam

104 2954 277 3054 continent&
295 2957 445 3040 majestas
474 2958 561 3044 ipsos
582 2957 762 3021 indubitato
790 2978 859 3020 esse
881 2954 1011 3018 eanoni-

104 3060 154 3103 oos
178 3052 302 3103 eunort.

186 3122 273 3204 Quia
294 3128 324 3189 2.
349 3147 459 3190 omnes
487 3126 545 3190 hos
576 3139 616 3190 et·
636 3126 721 3190 solos
748 3125 847 3188 libros
877 3122 1011 3189 ecelesia

100 3207 300 3274 Judaeorum
310 3232 436 3296 semper
450 3211 580 3296 recepit,
601 3223 632 3275 et
643 3233 701 3297 pro
716 3209 877 3274 canonicis
890 3209 1011 3276 habuit.

184 3292 272 3374 Quia
292 3296 322 3360 3.
344 3317 448 3379 neque
464 3294 619 3372 Christus,
640 3318 745 3379 neque
764 3294 900 3380 apostoli
922 3295 1011 3378 quio·

1032 3364 1108 3548 Ι
