2250 3772
213 230 264 297 De
284 214 485 295 invocatione
505 240 693 317 sanctorum,
838 232 903 299 433

86 398 154 453 nsic
172 397 289 470 derogat
306 399 404 454 merito
415 397 538 453 Christi?
557 405 580 454 3.
593 398 657 455 Non
674 397 763 453 fertur
799 399 903 454 raecise

86 466 200 533 minum,
218 473 314 522 contra
330 469 546 538 Psat.oo,15,·
573 469 644 522 Eae.
661 470 705 534 42,
722 469 744 519 8.
827 467 903 522 ifri·

86 534 276 591 itesuitamm
296 536 447 607 refugium,
470 554 525 658 fer
541 542 650 591 sanctos
668 533 769 590 deferri
792 536 829 589 ad
846 537 903 591 Do-

86 622 108 658 n
138 604 184 661 Sic
202 604 276 660 enim
290 606 378 661 omnis
395 605 470 660 idolo
482 604 553 659 atria
564 605 689 659 excusari
705 608 807 676 posset
836 603 903 660 Alie.

86 690 145 731 troo.
172 681 198 732 4.
216 672 279 730 Suis
296 692 347 729 nos
363 675 468 729 meritis
485 674 574 728 sancti
588 675 688 744 juvare
704 689 760 727 non
776 680 903 743 possunt,

98 740 178 797 nobis
203 749 231 797 et
254 742 322 813 ipsis
342 744 433 798 oleum
452 742 571 811 deficiat,
592 742 696 796 Masso.
717 746 755 794 25
782 745 807 795 9.
844 744 902 796 Er·

86 810 164 883 igitur
176 812 331 881 pontificii,
355 811 403 883 qui
427 812 542 883 angelos
567 816 596 865 et
619 817 728 865 sanctos
745 783 903 865 demortuos

86 886 178 934 antum
198 885 230 933 nt
246 881 454 950 intercessores,
472 897 522 951 per
541 885 570 935 et
585 885 699 950 propter
715 879 815 933 merita
832 878 841 932 i
862 898 904 934 so·

87 948 255 1003 invocandos
272 954 406 1015 statuunt,
424 950 474 1004 sed
492 949 574 1004 certis
594 948 678 1002 etiam
699 947 852 1003 calamitati
872 966 905 1003 us

104 1024 194 1072 certos
211 1018 412 1088 praefecerunt.
451 1019 580 1073 Trideat.
601 1016 707 1072 Concil.
730 1033 795 1071 sess.
816 1023 856 1072 25.
875 1018 905 1072 in

86 1088 100 1142 t.
115 1086 159 1146 ide
175 1086 293 1141 invocat.
312 1084 451 1141 Bellorm.
473 1086 493 1141 1.
514 1092 537 1141 1.
560 1085 595 1140 de
614 1090 700 1140 sanct.
722 1085 795 1140 beat.
817 1103 841 1139 c.
865 1093 905 1145 19.

86 1160 128 1212 72.
142 1156 175 1212 O.
197 1156 302 1210 Corter.
320 1155 454 1213 enchirid.
474 1172 496 1209 c.
511 1161 552 1209 22.
570 1172 597 1224 p.
611 1160 669 1210 658.
688 1153 761 1219 Quin
780 1158 809 1208 et
846 1172 905 1210 ree-

91 1222 206 1278 Mariam
224 1231 338 1279 matrem
351 1223 474 1292 Domini,
491 1228 524 1276 nt
540 1223 737 1291 mediatricem,
755 1238 773 1275 a
812 1222 818 1235 “
842 1224 906 1278 atri-

86 1290 304 1347 illuminatricem
320 1299 347 1347 et
362 1293 563 1347 advocatricem
576 1292 714 1360 invocant,
732 1290 796 1345 vide
812 1294 905 1350 Pselt,

86 1361 277 1485 “isiciis
292 1359 905 1499 iii..iiiimiit'miiiuipiia’abiipiff

86 1516 175 1551 orsum
192 1501 229 1555 B.
283 1499 371 1568 ariae,
391 1504 420 1553 et
437 1499 551 1553 Hortal.
570 1499 681 1550 animae
722 1514 752 1551 er
767 1502 815 1552 tot.
842 1497 906 1554 Om-

86 1565 235 1648 insphema!
260 1567 305 1621 Sit
322 1569 352 1621 s'a
370 1569 475 1621 honore
489 1567 608 1631 Martem
633 1568 686 1619 sed
724 1574 793 1630 ater,
811 1567 906 1620 Filias
994 1602 998 1611 .

86 1636 161 1689 trites
177 1654 199 1690 e.
218 1638 363 1705 adoretur,
382 1637 512 1690 Mariam
529 1652 609 1689 nemo
622 1638 730 1689 admet.
758 1635 904 1716 qurhaa.

86 1709 139 1762 ι2.
160 1720 183 1758 c.
199 1709 239 1759 87.
258 1723 285 1775 p.
306 1711 365 1761 208.
406 1707 468 1758 Neo
486 1706 578 1759 obstat
598 1710 619 1758 1.
649 1703 723 1773 quod
749 1720 854 1772 passim
877 1704 906 1759 in

86 1776 141 1828 tura
161 1771 301 1828 hominem
324 1773 360 1828 ab
383 1773 494 1828 homine
522 1773 668 1827 adoratum
694 1786 754 1826 esse
776 1772 904 1843 legimus.

86 1842 168 1898 rmia.
193 1840 212 1895 l.
232 1848 255 1897 1.
272 1842 308 1897 de
331 1848 419 1896 sanct.
437 1841 511 1897 beat.
535 1859 557 1896 c.
581 1847 620 1896 13.
638 1846 658 1894 ι.
677 1845 700 1894 2.
725 1840 777 1894 col.
799 1847 856 1895 727.
875 1841 906 1897 G.

103 1950 109 1964 .
125 1911 232 1964 Pistor.
252 1910 423 1981 Wegvveiser
440 1928 464 1966 c.
478 1917 501 1966 6.
513 1928 541 1980 p.
555 1915 612 1965 262.
643 1909 694 1962 Est
707 1910 780 1963 enim
799 1908 905 1967 elench.

86 1926 159 2033 (ituit
177 1978 248 2032 haec
267 1979 391 2034 adoratio
411 1985 434 2034 1.
448 1995 503 2033 non
519 1978 662 2049 religiosa,
688 1976 737 2032 sed
759 1977 847 2032 civilis
864 1995 906 2033 re-

86 2047 130 2116 tia,
160 2049 310 2169 coniluncta
343 2065 406 2103 cum
435 2053 548 2128 externa
575 2063 698 2167 genuugr
728 2053 756 2100 et
785 2047 908 2168 conploris

86 2114 906 2306 ι“·..ιι.ιὲιιῖ“17.ιιι““,ιιιιιι.ιιιιιξιιις

86 2270 106 2309 r.
123 2254 170 2316 33,
188 2255 224 2321 3,·
248 2254 328 2307 Eeth.
346 2255 374 2321 3,
392 2257 424 2322 23
447 2252 533 2308 ludit
553 2297 558 2307 .
579 2256 624 2320 10,
643 2255 689 2305 20.
733 2253 793 2306 Neo
819 2254 910 2306 obstet

86 2322 198 2376 orandos
215 2338 275 2377 csse
293 2328 403 2376 sanctos
421 2329 453 2376 ιιι
470 2322 680 2389 intercessores,
698 2321 764 2376 licet
780 2339 836 2375 non
854 2322 909 2377 sint

86 2391 146 2445 andi
164 2396 196 2444 nt
213 2390 385 2446 mediatores.
420 2391 494 2445 Vide
516 2391 656 2443 Bellarm.
676 2407 700 2446 c.
722 2396 762 2446 17.
781 2390 832 2444 col.
849 2396 908 2449 737.

100 2475 122 2515 c.
140 2465 182 2514 20.
203 2459 253 2513 col.
272 2465 329 2516 751.
348 2459 378 2514 C.
414 2458 557 2528 Scriptura
573 2458 645 2512 enim
665 2458 776 2528 quando
794 2459 828 2512 de
846 2457 907 2514 Deo

86 2532 135 2597 ter,
167 2526 315 2582 discrimen
343 2528 415 2582 inter
438 2527 626 2581 adorationem
650 2534 678 2581 et
704 2527 908 2581 invocationem

86 2600 120 2663 st,
135 2601 169 2650 nt
186 2612 257 2667 quae
275 2597 344 2665 vult,
362 2602 395 2650 ut
414 2596 503 2650 solum
514 2596 606 2651 Deum
624 2596 769 2650 adoremus
787 2601 816 2649 et
832 2595 909 2650 invo-

86 2680 104 2733 s,
126 2666 230 2718 Masta.
249 2668 347 2733 410,
371 2668 457 2718 Dect.
477 2668 508 2733 11,
527 2668 570 2718 13.
615 2671 637 2718 2.
656 2664 749 2717 Etiam
771 2662 909 2733 pontificii

86 2733 166 2788 ecnlis
184 2733 242 2787 snis
257 2732 390 2814 fatentur,
406 2732 523 2787 Mariam
540 2733 650 2787 adorari
668 2731 776 2795 debere,
796 2740 827 2784 ut
840 2735 909 2786 odo·

86 2800 263 2871 morafiam)
284 2803 564 2872 samilsaeuyentr'um
584 2809 634 2857 etc.
680 2801 737 2856 Neo
762 2806 785 2855 3.
812 2801 908 2854 distin·

86 2868 156 2925 inter
173 2869 378 2925 intercessorem
397 2875 425 2925 ct
449 2870 637 2925 mediatorem.
674 2868 729 2924 Sed
753 2874 776 2923 4.
795 2871 909 2923 anteum

86 2954 109 2993 m
126 2938 209 2993 nobis
220 2939 351 3010 proponit
364 2946 392 2995 et
405 2940 591 3007 mediatorem,
609 2938 817 2992 intercessorem
829 2943 857 2992 et
867 2954 910 2992 re-

86 3010 172 3064 torem
190 3007 288 3063 Jcsum
305 3007 457 3075 Christum,
477 3013 501 3061 1.
522 3008 592 3062 Tim.
612 3010 638 3065 2,
658 3010 691 3075 53
710 3008 796 3070 iRom.
815 3011 839 3074 8,
858 3009 908 3076 34;

87 3076 203 3145 t.2,1.
244 3076 304 3132 Nec
328 3084 353 3133 5.
378 3077 576 3146 qualiscunque
599 3074 758 3129 intercessio
781 3075 811 3128 in
833 3075 910 3129 invo-

86 3162 111 3201 re
128 3144 287 3216 requiritur,
307 3145 356 3200 sed
374 3162 414 3210 ea,
433 3163 504 3216 quae
523 3145 672 3214 conjuncta
689 3148 731 3198 est
749 3160 812 3197 cum
831 3144 910 3197 satis·

86 3230 120 3269 ne
138 3213 273 3284 justitiae.
315 3214 393 3267 Talis
415 3220 507 3268 autem
533 3219 574 3267 cst
600 3212 684 3266 solius
707 3211 776 3266 Jesu
799 3212 910 3281 Christi,

102 3286 130 3352 3,
148 3286 202 3351 253
224 3282 310 3336 Heln.
329 3285 355 3350 9,
375 3286 419 3337 12.
461 3285 522 3336 Neo
540 3283 631 3335 obstat
656 3286 679 3335 3.
702 3281 776 3352 quod
797 3286 911 3336 mutuae

719 3375 746 3416 28
