<?xml version="1.0" encoding="UTF-8"?>
<!DOCTYPE html PUBLIC "-//W3C//DTD XHTML 1.0 Transitional//EN"
    "http://www.w3.org/TR/xhtml1/DTD/xhtml1-transitional.dtd">
<html xmlns="http://www.w3.org/1999/xhtml" xml:lang="en" lang="en">
 <head>
  <title>
</title>
<meta http-equiv="Content-Type" content="text/html;charset=utf-8" />
  <meta name='ocr-system' content='tesseract 3.04.00' />
  <meta name='ocr-capabilities' content='ocr_page ocr_carea ocr_par ocr_line ocrx_word'/>
</head>
<body>
  <div class='ocr_page' id='page_1' title='image "./dconradidieteri00dietgoog_0650.png"; bbox 0 0 2250 3772; ppageno 0'>
   <div class='ocr_carea' id='block_1_1' title="bbox 131 183 706 300">
    <p class='ocr_par' dir='ltr' id='par_1_1' title="bbox 131 183 706 300">
     <span class='ocr_line' id='line_1_1' title="bbox 131 183 706 300; baseline 0 -17"><span class='ocrx_word' id='word_1_1' title='bbox 131 217 194 283; x_wconf 79' lang='lat'><strong><em>618</em></strong></span> <span class='ocrx_word' id='word_1_2' title='bbox 254 183 258 191; x_wconf 80' lang='grc'><strong>’</strong></span> <span class='ocrx_word' id='word_1_3' title='bbox 338 276 342 283; x_wconf 85' lang='grc'>,</span> <span class='ocrx_word' id='word_1_4' title='bbox 463 214 638 300; x_wconf 82' lang='lat' dir='ltr'><strong><em>Appendix</em></strong></span> <span class='ocrx_word' id='word_1_5' title='bbox 662 214 706 283; x_wconf 71' lang='lat' dir='ltr'><strong><em>IL</em></strong></span> 
     </span>
    </p>
   </div>
   <div class='ocr_carea' id='block_1_2' title="bbox 126 383 1043 2379">
    <p class='ocr_par' dir='ltr' id='par_1_2' title="bbox 130 383 1043 1001">
     <span class='ocr_line' id='line_1_2' title="bbox 130 383 1043 455; baseline 0.001 -14"><span class='ocrx_word' id='word_1_6' title='bbox 130 387 260 455; x_wconf 76' lang='lat' dir='ltr'><strong><em>requirat</em></strong></span> <span class='ocrx_word' id='word_1_7' title='bbox 274 383 353 437; x_wconf 88' lang='lat' dir='ltr'><strong><em>Deus</em></strong></span> <span class='ocrx_word' id='word_1_8' title='bbox 371 384 463 447; x_wconf 80' lang='lat' dir='ltr'><strong><em>fidem,</em></strong></span> <span class='ocrx_word' id='word_1_9' title='bbox 482 390 514 436; x_wconf 89' lang='lat' dir='ltr'><strong><em>ut</em></strong></span> <span class='ocrx_word' id='word_1_10' title='bbox 530 383 578 436; x_wconf 85' lang='lat' dir='ltr'><strong><em>illi</em></strong></span> <span class='ocrx_word' id='word_1_11' title='bbox 595 383 772 438; x_wconf 83' lang='lat' dir='ltr'><strong><em>absolutioni</em></strong></span> <span class='ocrx_word' id='word_1_12' title='bbox 786 393 927 454; x_wconf 74' lang='lat' dir='ltr'><strong><em>tanquam</em></strong></span> <span class='ocrx_word' id='word_1_13' title='bbox 943 387 1001 441; x_wconf 83' lang='lat' dir='ltr'><strong><em>voci</em></strong></span> <span class='ocrx_word' id='word_1_14' title='bbox 1012 389 1043 441; x_wconf 73' lang='lat' dir='ltr'><strong><em>a</em></strong></span> 
     </span>
     <span class='ocr_line' id='line_1_3' title="bbox 130 453 1043 523; baseline 0 -13"><span class='ocrx_word' id='word_1_15' title='bbox 130 457 214 511; x_wconf 87' lang='lat' dir='ltr'><strong><em>caclo</em></strong></span> <span class='ocrx_word' id='word_1_16' title='bbox 237 453 352 508; x_wconf 87' lang='lat' dir='ltr'><strong><em>sonanti</em></strong></span> <span class='ocrx_word' id='word_1_17' title='bbox 376 454 536 516; x_wconf 85' lang='lat' dir='ltr'><strong><em>credamus,</em></strong></span> <span class='ocrx_word' id='word_1_18' title='bbox 560 460 587 506; x_wconf 91' lang='lat' dir='ltr'><strong><em>et</em></strong></span> <span class='ocrx_word' id='word_1_19' title='bbox 604 455 682 522; x_wconf 74' lang='lat' dir='ltr'><strong><em>quod</em></strong></span> <span class='ocrx_word' id='word_1_20' title='bbox 696 453 754 507; x_wconf 87' lang='lat' dir='ltr'><strong><em>illa</em></strong></span> <span class='ocrx_word' id='word_1_21' title='bbox 766 455 845 523; x_wconf 82' lang='lat' dir='ltr'><strong><em>fides</em></strong></span> <span class='ocrx_word' id='word_1_22' title='bbox 863 457 897 508; x_wconf 87' lang='lat' dir='ltr'><strong><em>in</em></strong></span> <span class='ocrx_word' id='word_1_23' title='bbox 915 455 1043 510; x_wconf 71' lang='lat' dir='ltr'><strong><em>Clerinua</em></strong></span> 
     </span>
     <span class='ocr_line' id='line_1_4' title="bbox 131 521 1042 593; baseline 0 -14"><span class='ocrx_word' id='word_1_24' title='bbox 131 541 197 579; x_wconf 83' lang='lat' dir='ltr'><strong><em>uere</em></strong></span> <span class='ocrx_word' id='word_1_25' title='bbox 226 530 411 591; x_wconf 67' lang='lat' dir='ltr'><strong><em>consequatur</em></strong></span> <span class='ocrx_word' id='word_1_26' title='bbox 439 529 466 575; x_wconf 91' lang='lat' dir='ltr'><strong><em>et</em></strong></span> <span class='ocrx_word' id='word_1_27' title='bbox 495 521 620 590; x_wconf 82' lang='lat' dir='ltr'><strong><em>accipiat</em></strong></span> <span class='ocrx_word' id='word_1_28' title='bbox 643 522 842 576; x_wconf 83' lang='lat' dir='ltr'><strong><em>remissionem</em></strong></span> <span class='ocrx_word' id='word_1_29' title='bbox 864 533 1042 593; x_wconf 73' lang='lat' dir='ltr'><strong><em>pacatam</em></strong></span> 
     </span>
     <span class='ocr_line' id='line_1_5' title="bbox 133 590 1042 661; baseline -0.002 -12"><span class='ocrx_word' id='word_1_30' title='bbox 133 595 229 649; x_wconf 82' lang='lat' dir='ltr'><strong><em>Antea</em></strong></span> <span class='ocrx_word' id='word_1_31' title='bbox 248 592 396 645; x_wconf 82' lang='lat' dir='ltr'><strong><em>immodice</em></strong></span> <span class='ocrx_word' id='word_1_32' title='bbox 420 590 621 644; x_wconf 80' lang='lat' dir='ltr'><strong><em>eatollebantur</em></strong></span> <span class='ocrx_word' id='word_1_33' title='bbox 644 591 880 661; x_wconf 64' lang='lat' dir='ltr'><strong><em>satisfactiones,</em></strong></span> <span class='ocrx_word' id='word_1_34' title='bbox 897 595 973 661; x_wconf 79' lang='lat' dir='ltr'><strong><em>fidei</em></strong></span> <span class='ocrx_word' id='word_1_35' title='bbox 987 610 1042 647; x_wconf 83' lang='lat' dir='ltr'><strong><em>cero</em></strong></span> 
     </span>
     <span class='ocr_line' id='line_1_6' title="bbox 132 659 1041 728; baseline 0 -12"><span class='ocrx_word' id='word_1_36' title='bbox 132 670 163 716; x_wconf 87' lang='lat' dir='ltr'><strong><em>et</em></strong></span> <span class='ocrx_word' id='word_1_37' title='bbox 187 661 283 715; x_wconf 84' lang='lat' dir='ltr'><strong><em>meriti</em></strong></span> <span class='ocrx_word' id='word_1_38' title='bbox 307 659 413 714; x_wconf 62' lang='lat' dir='ltr'><strong><em>&amp;tristi</em></strong></span> <span class='ocrx_word' id='word_1_39' title='bbox 433 676 467 712; x_wconf 90' lang='lat' dir='ltr'><strong><em>ac</em></strong></span> <span class='ocrx_word' id='word_1_40' title='bbox 484 659 617 727; x_wconf 79' lang='lat' dir='ltr'><strong><em>justitiae</em></strong></span> <span class='ocrx_word' id='word_1_41' title='bbox 633 660 711 725; x_wconf 84' lang='lat' dir='ltr'><strong><em>fidei</em></strong></span> <span class='ocrx_word' id='word_1_42' title='bbox 732 661 821 715; x_wconf 89' lang='lat' dir='ltr'><strong><em>nulla</em></strong></span> <span class='ocrx_word' id='word_1_43' title='bbox 831 663 927 728; x_wconf 82' lang='lat' dir='ltr'><strong><em>fiebat</em></strong></span> <span class='ocrx_word' id='word_1_44' title='bbox 945 662 1041 716; x_wconf 83' lang='lat' dir='ltr'><strong><em>nentia</em></strong></span> 
     </span>
     <span class='ocr_line' id='line_1_7' title="bbox 136 729 1041 797; baseline 0 -13"><span class='ocrx_word' id='word_1_45' title='bbox 136 730 233 793; x_wconf 80' lang='lat' dir='ltr'><strong><em>Quare</em></strong></span> <span class='ocrx_word' id='word_1_46' title='bbox 252 730 282 782; x_wconf 90' lang='lat' dir='ltr'><strong><em>in</em></strong></span> <span class='ocrx_word' id='word_1_47' title='bbox 300 730 354 781; x_wconf 79' lang='lat' dir='ltr'><strong><em>hac</em></strong></span> <span class='ocrx_word' id='word_1_48' title='bbox 368 729 576 797; x_wconf 68' lang='lat' dir='ltr'><strong><em>pertentans</em></strong></span> <span class='ocrx_word' id='word_1_49' title='bbox 592 736 656 782; x_wconf 87' lang='lat' dir='ltr'><strong><em>sunt</em></strong></span> <span class='ocrx_word' id='word_1_50' title='bbox 676 729 844 797; x_wconf 76' lang='lat' dir='ltr'><strong><em>culpandae</em></strong></span> <span class='ocrx_word' id='word_1_51' title='bbox 857 731 992 785; x_wconf 83' lang='lat' dir='ltr'><strong><em>ecclesiae</em></strong></span> <span class='ocrx_word' id='word_1_52' title='bbox 1002 749 1041 784; x_wconf 83' lang='lat' dir='ltr'><strong><em>ns·</em></strong></span> 
     </span>
     <span class='ocr_line' id='line_1_8' title="bbox 131 797 1042 869; baseline 0 -17"><span class='ocrx_word' id='word_1_53' title='bbox 131 808 218 854; x_wconf 84' lang='lat' dir='ltr'><strong><em>strae.</em></strong></span> <span class='ocrx_word' id='word_1_54' title='bbox 255 799 331 851; x_wconf 87' lang='lat' dir='ltr'><strong><em>Nam</em></strong></span> <span class='ocrx_word' id='word_1_55' title='bbox 354 798 406 849; x_wconf 80' lang='lat' dir='ltr'><strong><em>hoc</em></strong></span> <span class='ocrx_word' id='word_1_56' title='bbox 430 797 515 849; x_wconf 85' lang='lat' dir='ltr'><strong><em>etiam</em></strong></span> <span class='ocrx_word' id='word_1_57' title='bbox 534 798 696 850; x_wconf 84' lang='lat' dir='ltr'><strong><em>aduersarii</em></strong></span> <span class='ocrx_word' id='word_1_58' title='bbox 710 798 839 852; x_wconf 82' lang='lat' dir='ltr'><strong><em>tribuere</em></strong></span> <span class='ocrx_word' id='word_1_59' title='bbox 853 801 937 854; x_wconf 84' lang='lat' dir='ltr'><strong><em>nobis</em></strong></span> <span class='ocrx_word' id='word_1_60' title='bbox 955 818 1042 869; x_wconf 66' lang='lat' dir='ltr'><strong><em>coqun-</em></strong></span> 
     </span>
     <span class='ocr_line' id='line_1_9' title="bbox 134 865 1041 935; baseline 0.003 -15"><span class='ocrx_word' id='word_1_61' title='bbox 134 875 192 935; x_wconf 79' lang='lat' dir='ltr'><strong><em>tur,</em></strong></span> <span class='ocrx_word' id='word_1_62' title='bbox 210 868 288 935; x_wconf 82' lang='lat' dir='ltr'><strong><em>quod</em></strong></span> <span class='ocrx_word' id='word_1_63' title='bbox 305 865 437 918; x_wconf 79' lang='lat' dir='ltr'><strong><em>doctrina</em></strong></span> <span class='ocrx_word' id='word_1_64' title='bbox 449 867 483 918; x_wconf 87' lang='lat' dir='ltr'><strong><em>de</em></strong></span> <span class='ocrx_word' id='word_1_65' title='bbox 496 867 674 932; x_wconf 76' lang='lat' dir='ltr'><strong><em>poenitentia</em></strong></span> <span class='ocrx_word' id='word_1_66' title='bbox 685 866 911 934; x_wconf 71' lang='lat' dir='ltr'><strong><em>diliqentisss&#39;me</em></strong></span> <span class='ocrx_word' id='word_1_67' title='bbox 922 887 941 922; x_wconf 93' lang='lat' dir='ltr'><strong><em>a</em></strong></span> <span class='ocrx_word' id='word_1_68' title='bbox 951 868 1041 923; x_wconf 67' lang='lat' dir='ltr'><strong><em>nonrtr</em></strong></span> 
     </span>
     <span class='ocr_line' id='line_1_10' title="bbox 131 934 536 1001; baseline 0.002 -12"><span class='ocrx_word' id='word_1_69' title='bbox 131 942 257 989; x_wconf 84' lang='lat' dir='ltr'><strong><em>tractata</em></strong></span> <span class='ocrx_word' id='word_1_70' title='bbox 273 952 307 987; x_wconf 90' lang='lat' dir='ltr'><strong><em>ac</em></strong></span> <span class='ocrx_word' id='word_1_71' title='bbox 320 934 473 1001; x_wconf 79' lang='lat' dir='ltr'><strong><em>patefacta</em></strong></span> <span class='ocrx_word' id='word_1_72' title='bbox 489 935 536 990; x_wconf 86' lang='lat' dir='ltr'><strong><em>sit.</em></strong></span> 
     </span>
    </p>

    <p class='ocr_par' dir='ltr' id='par_1_3' title="bbox 126 1003 1042 2379">
     <span class='ocr_line' id='line_1_11' title="bbox 207 1003 1041 1070; baseline 0.001 -13"><span class='ocrx_word' id='word_1_73' title='bbox 207 1003 268 1058; x_wconf 82' lang='lat' dir='ltr'><strong><em>Sed</em></strong></span> <span class='ocrx_word' id='word_1_74' title='bbox 286 1005 321 1055; x_wconf 84' lang='lat' dir='ltr'><strong><em>de</em></strong></span> <span class='ocrx_word' id='word_1_75' title='bbox 339 1003 513 1066; x_wconf 81' lang='lat' dir='ltr'><strong><em>confessione</em></strong></span> <span class='ocrx_word' id='word_1_76' title='bbox 531 1005 638 1070; x_wconf 89' lang='lat' dir='ltr'><strong><em>docent,</em></strong></span> <span class='ocrx_word' id='word_1_77' title='bbox 656 1004 734 1070; x_wconf 76' lang='lat' dir='ltr'><strong><em>quod</em></strong></span> <span class='ocrx_word' id='word_1_78' title='bbox 745 1007 928 1059; x_wconf 74' lang='lat' dir='ltr'><strong><em>enumeratio</em></strong></span> <span class='ocrx_word' id='word_1_79' title='bbox 941 1006 1041 1060; x_wconf 81' lang='lat' dir='ltr'><strong><em>delicto</em></strong></span> 
     </span>
     <span class='ocr_line' id='line_1_12' title="bbox 131 1071 1041 1134; baseline 0.004 -9"><span class='ocrx_word' id='word_1_80' title='bbox 131 1089 197 1126; x_wconf 84' lang='lat' dir='ltr'><strong><em>rurn</em></strong></span> <span class='ocrx_word' id='word_1_81' title='bbox 212 1072 323 1125; x_wconf 89' lang='lat' dir='ltr'><strong><em>nonsit</em></strong></span> <span class='ocrx_word' id='word_1_82' title='bbox 341 1071 584 1134; x_wconf 77' lang='lat' dir='ltr'><strong><em>necessaria‚‘&#39;nec</em></strong></span> <span class='ocrx_word' id='word_1_83' title='bbox 602 1073 658 1124; x_wconf 85' lang='lat' dir='ltr'><strong><em>sint</em></strong></span> <span class='ocrx_word' id='word_1_84' title='bbox 676 1075 847 1126; x_wconf 86' lang='lat' dir='ltr'><strong><em>onerandae</em></strong></span> <span class='ocrx_word' id='word_1_85' title='bbox 867 1076 1041 1129; x_wconf 78' lang='lat' dir='ltr'><strong><em>conscientiae</em></strong></span> 
     </span>
     <span class='ocr_line' id='line_1_13' title="bbox 130 1139 1041 1210; baseline 0.004 -16"><span class='ocrx_word' id='word_1_86' title='bbox 130 1158 206 1194; x_wconf 88' lang='lat' dir='ltr'><strong><em>cura</em></strong></span> <span class='ocrx_word' id='word_1_87' title='bbox 226 1140 413 1194; x_wconf 76' lang='lat' dir='ltr'><strong><em>enunwrandi</em></strong></span> <span class='ocrx_word' id='word_1_88' title='bbox 434 1139 529 1193; x_wconf 89' lang='lat' dir='ltr'><strong><em>omnia</em></strong></span> <span class='ocrx_word' id='word_1_89' title='bbox 557 1141 677 1201; x_wconf 82' lang='lat' dir='ltr'><strong><em>delicta,</em></strong></span> <span class='ocrx_word' id='word_1_90' title='bbox 704 1141 776 1208; x_wconf 78' lang='lat' dir='ltr'><strong><em>quia</em></strong></span> <span class='ocrx_word' id='word_1_91' title='bbox 802 1142 982 1210; x_wconf 79' lang='lat' dir='ltr'><strong><em>impossibile</em></strong></span> <span class='ocrx_word' id='word_1_92' title='bbox 1003 1150 1041 1209; x_wconf 74' lang='lat' dir='ltr'><strong><em>cst,</em></strong></span> 
     </span>
     <span class='ocr_line' id='line_1_14' title="bbox 134 1209 1042 1276; baseline 0.003 -14"><span class='ocrx_word' id='word_1_93' title='bbox 134 1210 231 1263; x_wconf 87' lang='lat' dir='ltr'><strong><em>omnia</em></strong></span> <span class='ocrx_word' id='word_1_94' title='bbox 243 1210 349 1263; x_wconf 85' lang='lat' dir='ltr'><strong><em>delicta</em></strong></span> <span class='ocrx_word' id='word_1_95' title='bbox 360 1209 491 1276; x_wconf 87' lang='lat' dir='ltr'><strong><em>recitare,</em></strong></span> <span class='ocrx_word' id='word_1_96' title='bbox 503 1217 535 1261; x_wconf 92' lang='lat' dir='ltr'><strong><em>ut</em></strong></span> <span class='ocrx_word' id='word_1_97' title='bbox 546 1217 664 1263; x_wconf 82' lang='lat' dir='ltr'><strong><em>testatur</em></strong></span> <span class='ocrx_word' id='word_1_98' title='bbox 678 1210 789 1263; x_wconf 88' lang='lat' dir='ltr'><strong><em>Psalm.</em></strong></span> <span class='ocrx_word' id='word_1_99' title='bbox 802 1213 851 1273; x_wconf 81' lang='lat'><strong><em>19,</em></strong></span> <span class='ocrx_word' id='word_1_100' title='bbox 865 1215 919 1264; x_wconf 81' lang='lat'><strong><em>13:</em></strong></span> <span class='ocrx_word' id='word_1_101' title='bbox 941 1213 1042 1266; x_wconf 83' lang='lat' dir='ltr'><strong><em>Delicta</em></strong></span> 
     </span>
     <span class='ocr_line' id='line_1_15' title="bbox 129 1278 1042 1347; baseline 0.002 -15"><span class='ocrx_word' id='word_1_102' title='bbox 129 1284 132 1289; x_wconf 86' lang='lat'>&#39;</span> <span class='ocrx_word' id='word_1_103' title='bbox 181 1280 187 1292; x_wconf 88' lang='lat'>&#39;</span> <span class='ocrx_word' id='word_1_104' title='bbox 225 1279 381 1347; x_wconf 69' lang='lat' dir='ltr'><strong><em>intelttyttt</em></strong></span> <span class='ocrx_word' id='word_1_105' title='bbox 420 1279 492 1330; x_wconf 86' lang='lat' dir='ltr'><strong><em>Item</em></strong></span> <span class='ocrx_word' id='word_1_106' title='bbox 508 1278 612 1332; x_wconf 87' lang='lat' dir='ltr'><strong><em>Jerem.</em></strong></span> <span class='ocrx_word' id='word_1_107' title='bbox 633 1280 680 1344; x_wconf 86' lang='lat'><strong><em>17,</em></strong></span> <span class='ocrx_word' id='word_1_108' title='bbox 705 1281 757 1330; x_wconf 81' lang='lat'><strong><em>18.-</em></strong></span> <span class='ocrx_word' id='word_1_109' title='bbox 793 1279 929 1334; x_wconf 84' lang='lat' dir='ltr'><strong><em>Pravum</em></strong></span> <span class='ocrx_word' id='word_1_110' title='bbox 952 1289 990 1335; x_wconf 82' lang='lat' dir='ltr'><strong><em>est</em></strong></span> <span class='ocrx_word' id='word_1_111' title='bbox 1002 1298 1042 1334; x_wconf 82' lang='lat' dir='ltr'><strong><em>cor</em></strong></span> 
     </span>
     <span class='ocr_line' id='line_1_16' title="bbox 131 1295 1041 1416; baseline 0.002 -14"><span class='ocrx_word' id='word_1_112' title='bbox 131 1295 255 1402; x_wconf 54' lang='lat' dir='ltr'><strong><em>minis</em></strong></span> <span class='ocrx_word' id='word_1_113' title='bbox 272 1355 298 1401; x_wconf 88' lang='lat' dir='ltr'><strong><em>et</em></strong></span> <span class='ocrx_word' id='word_1_114' title='bbox 317 1346 509 1404; x_wconf 82' lang='lat' dir='ltr'><strong><em>inscrutabile,</em></strong></span> <span class='ocrx_word' id='word_1_115' title='bbox 552 1346 636 1408; x_wconf 78' lang='lat' dir='ltr'><strong><em>Quod</em></strong></span> <span class='ocrx_word' id='word_1_116' title='bbox 652 1348 679 1399; x_wconf 86' lang='lat' dir='ltr'><strong><em>si</em></strong></span> <span class='ocrx_word' id='word_1_117' title='bbox 694 1347 779 1400; x_wconf 86' lang='lat' dir='ltr'><strong><em>nulla</em></strong></span> <span class='ocrx_word' id='word_1_118' title='bbox 794 1357 924 1416; x_wconf 79' lang='lat' dir='ltr'><strong><em>peccata</em></strong></span> <span class='ocrx_word' id='word_1_119' title='bbox 941 1351 996 1403; x_wconf 81' lang='lat' dir='ltr'><strong><em>nisi</em></strong></span> <span class='ocrx_word' id='word_1_120' title='bbox 1007 1365 1041 1403; x_wconf 74' lang='lat' dir='ltr'><strong><em>rc</em></strong></span> 
     </span>
     <span class='ocr_line' id='line_1_17' title="bbox 132 1416 1041 1484; baseline 0.003 -14"><span class='ocrx_word' id='word_1_121' title='bbox 132 1417 223 1470; x_wconf 83' lang='lat' dir='ltr'><strong><em>citata</em></strong></span> <span class='ocrx_word' id='word_1_122' title='bbox 249 1417 470 1481; x_wconf 72' lang='lat' dir='ltr'><strong><em>remitterentur,</em></strong></span> <span class='ocrx_word' id='word_1_123' title='bbox 492 1433 634 1484; x_wconf 75' lang='lat' dir='ltr'><strong><em>nunquam</em></strong></span> <span class='ocrx_word' id='word_1_124' title='bbox 659 1416 840 1484; x_wconf 71' lang='lat' dir='ltr'><strong><em>acquiescere</em></strong></span> <span class='ocrx_word' id='word_1_125' title='bbox 867 1418 1041 1472; x_wconf 65' lang='lat' dir='ltr'><strong><em>cannata</em></strong></span> 
     </span>
     <span class='ocr_line' id='line_1_18' title="bbox 127 1484 1040 1556; baseline 0.003 -19"><span class='ocrx_word' id='word_1_126' title='bbox 127 1493 260 1554; x_wconf 76' lang='lat' dir='ltr'><strong><em>possent,</em></strong></span> <span class='ocrx_word' id='word_1_127' title='bbox 283 1486 352 1552; x_wconf 80' lang='lat' dir='ltr'><strong><em>quia</em></strong></span> <span class='ocrx_word' id='word_1_128' title='bbox 371 1485 503 1553; x_wconf 78' lang='lat' dir='ltr'><strong><em>plurima</em></strong></span> <span class='ocrx_word' id='word_1_129' title='bbox 523 1492 645 1553; x_wconf 79' lang='lat' dir='ltr'><strong><em>peccata</em></strong></span> <span class='ocrx_word' id='word_1_130' title='bbox 661 1500 750 1553; x_wconf 79' lang='lat' dir='ltr'><strong><em>neque</em></strong></span> <span class='ocrx_word' id='word_1_131' title='bbox 767 1484 871 1539; x_wconf 83' lang='lat' dir='ltr'><strong><em>vident</em></strong></span> <span class='ocrx_word' id='word_1_132' title='bbox 890 1504 979 1556; x_wconf 66' lang='lat' dir='ltr'><strong><em>ncesse</em></strong></span> <span class='ocrx_word' id='word_1_133' title='bbox 997 1503 1040 1540; x_wconf 74' lang='lat' dir='ltr'><strong><em>ns</em></strong></span> 
     </span>
     <span class='ocr_line' id='line_1_19' title="bbox 131 1553 1041 1626; baseline 0.005 -20"><span class='ocrx_word' id='word_1_134' title='bbox 131 1553 248 1606; x_wconf 86' lang='lat' dir='ltr'><strong><em>minisse</em></strong></span> <span class='ocrx_word' id='word_1_135' title='bbox 261 1561 389 1622; x_wconf 81' lang='lat' dir='ltr'><strong><em>possunt.</em></strong></span> <span class='ocrx_word' id='word_1_136' title='bbox 427 1555 582 1625; x_wconf 11' lang='lat' dir='ltr'><strong><em>*Testantur</em></strong></span> <span class='ocrx_word' id='word_1_137' title='bbox 603 1562 631 1607; x_wconf 88' lang='lat' dir='ltr'><strong><em>ct</em></strong></span> <span class='ocrx_word' id='word_1_138' title='bbox 657 1562 765 1607; x_wconf 84' lang='lat' dir='ltr'><strong><em>veteres</em></strong></span> <span class='ocrx_word' id='word_1_139' title='bbox 789 1556 965 1626; x_wconf 83' lang='lat' dir='ltr'><strong><em>scriptores,</em></strong></span> <span class='ocrx_word' id='word_1_140' title='bbox 988 1573 1041 1611; x_wconf 76' lang='lat' dir='ltr'><strong><em>enu-</em></strong></span> 
     </span>
     <span class='ocr_line' id='line_1_20' title="bbox 128 1622 1041 1679; baseline 0.005 -5"><span class='ocrx_word' id='word_1_141' title='bbox 128 1622 315 1675; x_wconf 80' lang='lat' dir='ltr'><strong><em>merationem</em></strong></span> <span class='ocrx_word' id='word_1_142' title='bbox 335 1639 392 1674; x_wconf 90' lang='lat' dir='ltr'><strong><em>non</em></strong></span> <span class='ocrx_word' id='word_1_143' title='bbox 410 1638 469 1674; x_wconf 90' lang='lat' dir='ltr'><strong><em>esse</em></strong></span> <span class='ocrx_word' id='word_1_144' title='bbox 487 1623 683 1678; x_wconf 69' lang='lat' dir='ltr'><strong><em>neceesarium.</em></strong></span> <span class='ocrx_word' id='word_1_145' title='bbox 719 1623 799 1675; x_wconf 85' lang='lat' dir='ltr'><strong><em>Nam</em></strong></span> <span class='ocrx_word' id='word_1_146' title='bbox 816 1623 859 1676; x_wconf 76' lang='lat' dir='ltr'><strong><em>tin</em></strong></span> <span class='ocrx_word' id='word_1_147' title='bbox 878 1626 998 1679; x_wconf 60' lang='lat' dir='ltr'><strong><em>decreti</em></strong></span> <span class='ocrx_word' id='word_1_148' title='bbox 1010 1625 1041 1678; x_wconf 85' lang='lat' dir='ltr'><strong><em>ci·</em></strong></span> 
     </span>
     <span class='ocr_line' id='line_1_21' title="bbox 133 1690 1041 1764; baseline 0.007 -22"><span class='ocrx_word' id='word_1_149' title='bbox 133 1696 211 1743; x_wconf 85' lang='lat' dir='ltr'><strong><em>latur</em></strong></span> <span class='ocrx_word' id='word_1_150' title='bbox 232 1690 452 1758; x_wconf 73' lang='lat' dir='ltr'><strong><em>Chrysostomus,</em></strong></span> <span class='ocrx_word' id='word_1_151' title='bbox 473 1692 522 1759; x_wconf 78' lang='lat' dir='ltr'><strong><em>qui</em></strong></span> <span class='ocrx_word' id='word_1_152' title='bbox 538 1691 579 1743; x_wconf 91' lang='lat' dir='ltr'><strong><em>sic</em></strong></span> <span class='ocrx_word' id='word_1_153' title='bbox 594 1692 652 1744; x_wconf 82' lang='lat' dir='ltr'><strong><em>ait:</em></strong></span> <span class='ocrx_word' id='word_1_154' title='bbox 671 1708 728 1744; x_wconf 91' lang='lat' dir='ltr'><strong><em>non</em></strong></span> <span class='ocrx_word' id='word_1_155' title='bbox 740 1690 795 1744; x_wconf 86' lang='lat' dir='ltr'><strong><em>tibi</em></strong></span> <span class='ocrx_word' id='word_1_156' title='bbox 806 1693 887 1762; x_wconf 82' lang='lat' dir='ltr'><strong><em>dico,</em></strong></span> <span class='ocrx_word' id='word_1_157' title='bbox 908 1702 940 1747; x_wconf 88' lang='lat' dir='ltr'><strong><em>ut</em></strong></span> <span class='ocrx_word' id='word_1_158' title='bbox 949 1703 1041 1764; x_wconf 71' lang='lat' dir='ltr'><strong><em>repro</em></strong></span> 
     </span>
     <span class='ocr_line' id='line_1_22' title="bbox 130 1760 1041 1830; baseline 0.003 -19"><span class='ocrx_word' id='word_1_159' title='bbox 130 1760 188 1812; x_wconf 81' lang='lat' dir='ltr'><strong><em>das</em></strong></span> <span class='ocrx_word' id='word_1_160' title='bbox 206 1760 236 1812; x_wconf 88' lang='lat' dir='ltr'><strong><em>iu</em></strong></span> <span class='ocrx_word' id='word_1_161' title='bbox 248 1760 409 1830; x_wconf 76' lang='lat' dir='ltr'><strong><em>publicum,</em></strong></span> <span class='ocrx_word' id='word_1_162' title='bbox 436 1777 522 1828; x_wconf 77' lang='lat' dir='ltr'><strong><em>neque</em></strong></span> <span class='ocrx_word' id='word_1_163' title='bbox 544 1762 624 1828; x_wconf 80' lang='lat' dir='ltr'><strong><em>apud</em></strong></span> <span class='ocrx_word' id='word_1_164' title='bbox 641 1760 715 1813; x_wconf 86' lang='lat' dir='ltr'><strong><em>alios</em></strong></span> <span class='ocrx_word' id='word_1_165' title='bbox 735 1767 762 1813; x_wconf 89' lang='lat' dir='ltr'><strong><em>te</em></strong></span> <span class='ocrx_word' id='word_1_166' title='bbox 778 1778 915 1826; x_wconf 89' lang='lat' dir='ltr'><strong><em>accuses,</em></strong></span> <span class='ocrx_word' id='word_1_167' title='bbox 939 1765 991 1816; x_wconf 82' lang='lat' dir='ltr'><strong><em>sed</em></strong></span> <span class='ocrx_word' id='word_1_168' title='bbox 1005 1763 1041 1815; x_wconf 70' lang='lat' dir='ltr'><strong><em>ol</em></strong></span> 
     </span>
     <span class='ocr_line' id='line_1_23' title="bbox 132 1829 1040 1897; baseline 0.003 -16"><span class='ocrx_word' id='word_1_169' title='bbox 132 1829 213 1882; x_wconf 81' lang='lat' dir='ltr'><strong><em>edire</em></strong></span> <span class='ocrx_word' id='word_1_170' title='bbox 232 1838 258 1882; x_wconf 90' lang='lat' dir='ltr'><strong><em>te</em></strong></span> <span class='ocrx_word' id='word_1_171' title='bbox 276 1830 340 1882; x_wconf 88' lang='lat' dir='ltr'><strong><em>uolo</em></strong></span> <span class='ocrx_word' id='word_1_172' title='bbox 353 1830 509 1897; x_wconf 72' lang='lat' dir='ltr'><strong><em>prophetae</em></strong></span> <span class='ocrx_word' id='word_1_173' title='bbox 527 1829 648 1882; x_wconf 82' lang='lat' dir='ltr'><strong><em>dicenti:</em></strong></span> <span class='ocrx_word' id='word_1_174' title='bbox 663 1829 759 1882; x_wconf 80' lang='lat' dir='ltr'><strong><em>revela</em></strong></span> <span class='ocrx_word' id='word_1_175' title='bbox 777 1838 846 1882; x_wconf 87' lang='lat' dir='ltr'><strong><em>ante</em></strong></span> <span class='ocrx_word' id='word_1_176' title='bbox 859 1834 957 1886; x_wconf 87' lang='lat' dir='ltr'><strong><em>Deum</em></strong></span> <span class='ocrx_word' id='word_1_177' title='bbox 967 1833 1040 1886; x_wconf 78' lang='lat' dir='ltr'><strong><em>celan</em></strong></span> 
     </span>
     <span class='ocr_line' id='line_1_24' title="bbox 128 1899 1040 1967; baseline 0.002 -16"><span class='ocrx_word' id='word_1_178' title='bbox 128 1905 219 1955; x_wconf 85' lang='lat' dir='ltr'><strong><em>luam.</em></strong></span> <span class='ocrx_word' id='word_1_179' title='bbox 256 1899 336 1967; x_wconf 61' lang='lat' dir='ltr'><strong><em>Erro</em></strong></span> <span class='ocrx_word' id='word_1_180' title='bbox 360 1906 411 1949; x_wconf 90' lang='lat' dir='ltr'><strong><em>tua</em></strong></span> <span class='ocrx_word' id='word_1_181' title='bbox 430 1899 561 1964; x_wconf 82' lang='lat' dir='ltr'><strong><em>confitere</em></strong></span> <span class='ocrx_word' id='word_1_182' title='bbox 575 1905 697 1966; x_wconf 79' lang='lat' dir='ltr'><strong><em>peccata</em></strong></span> <span class='ocrx_word' id='word_1_183' title='bbox 717 1900 799 1965; x_wconf 78' lang='lat' dir='ltr'><strong><em>apud</em></strong></span> <span class='ocrx_word' id='word_1_184' title='bbox 816 1900 932 1964; x_wconf 86' lang='lat' dir='ltr'><strong><em>Deum,</em></strong></span> <span class='ocrx_word' id='word_1_185' title='bbox 960 1917 1040 1953; x_wconf 76' lang='lat' dir='ltr'><strong><em>naun</em></strong></span> 
     </span>
     <span class='ocr_line' id='line_1_25' title="bbox 126 1966 1039 2035; baseline 0.001 -16"><span class='ocrx_word' id='word_1_186' title='bbox 126 1966 265 2035; x_wconf 73' lang='lat' dir='ltr'><strong><em>judicem,</em></strong></span> <span class='ocrx_word' id='word_1_187' title='bbox 285 1984 347 2019; x_wconf 89' lang='lat' dir='ltr'><strong><em>cum</em></strong></span> <span class='ocrx_word' id='word_1_188' title='bbox 364 1966 500 2020; x_wconf 89' lang='lat' dir='ltr'><strong><em>oratione.</em></strong></span> <span class='ocrx_word' id='word_1_189' title='bbox 530 1967 648 2019; x_wconf 82' lang='lat' dir='ltr'><strong><em>Delicta</em></strong></span> <span class='ocrx_word' id='word_1_190' title='bbox 669 1975 717 2018; x_wconf 89' lang='lat' dir='ltr'><strong><em>tua</em></strong></span> <span class='ocrx_word' id='word_1_191' title='bbox 729 1970 904 2034; x_wconf 78' lang='lat' dir='ltr'><strong><em>pronuncia</em></strong></span> <span class='ocrx_word' id='word_1_192' title='bbox 924 1988 979 2024; x_wconf 89' lang='lat' dir='ltr'><strong><em>non</em></strong></span> <span class='ocrx_word' id='word_1_193' title='bbox 996 1969 1039 2022; x_wconf 68' lang='lat' dir='ltr'><strong><em>lin</em></strong></span> 
     </span>
     <span class='ocr_line' id='line_1_26' title="bbox 132 2034 1038 2105; baseline 0.002 -17"><span class='ocrx_word' id='word_1_194' title='bbox 132 2052 204 2104; x_wconf 70' lang='lat' dir='ltr'><strong><em>aua,</em></strong></span> <span class='ocrx_word' id='word_1_195' title='bbox 231 2038 283 2088; x_wconf 85' lang='lat' dir='ltr'><strong><em>sed</em></strong></span> <span class='ocrx_word' id='word_1_196' title='bbox 306 2036 491 2088; x_wconf 85' lang='lat' dir='ltr'><strong><em>eonscientiae</em></strong></span> <span class='ocrx_word' id='word_1_197' title='bbox 512 2043 576 2087; x_wconf 90' lang='lat' dir='ltr'><strong><em>tuae</em></strong></span> <span class='ocrx_word' id='word_1_198' title='bbox 598 2034 732 2088; x_wconf 83' lang='lat' dir='ltr'><strong><em>memoria</em></strong></span> <span class='ocrx_word' id='word_1_199' title='bbox 749 2043 800 2089; x_wconf 89' lang='lat' dir='ltr'><strong><em>etc.</em></strong></span> <span class='ocrx_word' id='word_1_200' title='bbox 839 2038 885 2090; x_wconf 87' lang='lat' dir='ltr'><strong><em>Et</em></strong></span> <span class='ocrx_word' id='word_1_201' title='bbox 904 2039 1038 2105; x_wconf 71' lang='lat' dir='ltr'><strong><em>olassadc</em></strong></span> 
     </span>
     <span class='ocr_line' id='line_1_27' title="bbox 126 2104 1038 2175; baseline 0.003 -19"><span class='ocrx_word' id='word_1_202' title='bbox 126 2105 312 2173; x_wconf 76' lang='lat' dir='ltr'><strong><em>poenitentia,</em></strong></span> <span class='ocrx_word' id='word_1_203' title='bbox 325 2105 391 2159; x_wconf 83' lang='lat' dir='ltr'><strong><em>dist.</em></strong></span> <span class='ocrx_word' id='word_1_204' title='bbox 406 2121 467 2172; x_wconf 79' lang='lat' dir='ltr'><strong><em>cap.</em></strong></span> <span class='ocrx_word' id='word_1_205' title='bbox 481 2107 505 2158; x_wconf 79' lang='grc'><strong><em>4,</em></strong></span> <span class='ocrx_word' id='word_1_206' title='bbox 534 2105 711 2171; x_wconf 83' lang='lat' dir='ltr'><strong><em>Considerat,</em></strong></span> <span class='ocrx_word' id='word_1_207' title='bbox 728 2104 852 2173; x_wconf 86' lang='lat' dir='ltr'><strong><em>fatetur,</em></strong></span> <span class='ocrx_word' id='word_1_208' title='bbox 875 2107 992 2161; x_wconf 76' lang='lat' dir='ltr'><strong><em>humani</em></strong></span> <span class='ocrx_word' id='word_1_209' title='bbox 999 2107 1038 2175; x_wconf 77' lang='lat' dir='ltr'><strong><em>ju</em></strong></span> 
     </span>
     <span class='ocr_line' id='line_1_28' title="bbox 131 2173 1038 2246; baseline 0.002 -21"><span class='ocrx_word' id='word_1_210' title='bbox 131 2173 175 2225; x_wconf 87' lang='lat' dir='ltr'><strong><em>ris</em></strong></span> <span class='ocrx_word' id='word_1_211' title='bbox 199 2190 257 2226; x_wconf 84' lang='lat' dir='ltr'><strong><em>esse</em></strong></span> <span class='ocrx_word' id='word_1_212' title='bbox 282 2173 495 2239; x_wconf 85' lang='lat' dir='ltr'><strong><em>confessionem.</em></strong></span> <span class='ocrx_word' id='word_1_213' title='bbox 545 2173 645 2225; x_wconf 85' lang='lat' dir='ltr'><strong><em>Verum</em></strong></span> <span class='ocrx_word' id='word_1_214' title='bbox 673 2174 817 2241; x_wconf 86' lang='lat' dir='ltr'><strong><em>confessio</em></strong></span> <span class='ocrx_word' id='word_1_215' title='bbox 845 2192 913 2228; x_wconf 85' lang='lat' dir='ltr'><strong><em>curn</em></strong></span> <span class='ocrx_word' id='word_1_216' title='bbox 932 2184 1038 2246; x_wconf 83' lang='lat' dir='ltr'><strong><em>propter</em></strong></span> 
     </span>
     <span class='ocr_line' id='line_1_29' title="bbox 133 2241 1039 2311; baseline 0.004 -19"><span class='ocrx_word' id='word_1_217' title='bbox 133 2241 285 2293; x_wconf 84' lang='lat' dir='ltr'><strong><em>monimum</em></strong></span> <span class='ocrx_word' id='word_1_218' title='bbox 304 2241 489 2294; x_wconf 86' lang='lat' dir='ltr'><strong><em>absolutionis</em></strong></span> <span class='ocrx_word' id='word_1_219' title='bbox 510 2242 676 2309; x_wconf 83' lang='lat' dir='ltr'><strong><em>beneficium,</em></strong></span> <span class='ocrx_word' id='word_1_220' title='bbox 694 2249 753 2293; x_wconf 86' lang='lat' dir='ltr'><strong><em>turn</em></strong></span> <span class='ocrx_word' id='word_1_221' title='bbox 760 2251 892 2311; x_wconf 80' lang='lat' dir='ltr'><strong><em>propter</em></strong></span> <span class='ocrx_word' id='word_1_222' title='bbox 903 2244 1039 2299; x_wconf 77' lang='lat' dir='ltr'><strong><em>aliascon</em></strong></span> 
     </span>
     <span class='ocr_line' id='line_1_30' title="bbox 128 2309 801 2379; baseline 0.003 -17"><span class='ocrx_word' id='word_1_223' title='bbox 128 2309 312 2362; x_wconf 83' lang='lat' dir='ltr'><strong><em>scientiarum</em></strong></span> <span class='ocrx_word' id='word_1_224' title='bbox 330 2309 469 2362; x_wconf 82' lang='lat' dir='ltr'><strong><em>utilitates</em></strong></span> <span class='ocrx_word' id='word_1_225' title='bbox 488 2312 569 2379; x_wconf 79' lang='lat' dir='ltr'><strong><em>apud</em></strong></span> <span class='ocrx_word' id='word_1_226' title='bbox 585 2328 637 2363; x_wconf 92' lang='lat' dir='ltr'><strong><em>nos</em></strong></span> <span class='ocrx_word' id='word_1_227' title='bbox 654 2311 801 2365; x_wconf 83' lang='lat' dir='ltr'><strong><em>retinetur.</em></strong></span> 
     </span>
    </p>
   </div>
   <div class='ocr_carea' id='block_1_3' title="bbox 419 2410 748 2530">
    <p class='ocr_par' dir='ltr' id='par_1_4' title="bbox 419 2410 748 2530">
     <span class='ocr_line' id='line_1_31' title="bbox 419 2410 748 2530; baseline 0.015 -5"><span class='ocrx_word' id='word_1_228' title='bbox 419 2463 688 2528; x_wconf 79' lang='lat' dir='ltr'><em>ARTICULUS</em></span> <span class='ocrx_word' id='word_1_229' title='bbox 712 2410 748 2530; x_wconf 48' lang='lat' dir='ltr'><strong><em>l}</em></strong></span> 
     </span>
    </p>
   </div>
   <div class='ocr_carea' id='block_1_4' title="bbox 361 2579 812 2650">
    <p class='ocr_par' dir='ltr' id='par_1_5' title="bbox 361 2579 812 2650">
     <span class='ocr_line' id='line_1_32' title="bbox 361 2579 812 2650; baseline -0.007 -4"><span class='ocrx_word' id='word_1_230' title='bbox 361 2581 415 2646; x_wconf 82' lang='lat' dir='ltr'><strong><em>De</em></strong></span> <span class='ocrx_word' id='word_1_231' title='bbox 443 2581 625 2646; x_wconf 86' lang='lat' dir='ltr'><strong><em>discrimine</em></strong></span> <span class='ocrx_word' id='word_1_232' title='bbox 657 2579 812 2650; x_wconf 85' lang='lat' dir='ltr'><strong><em>ciborum,</em></strong></span> 
     </span>
    </p>
   </div>
   <div class='ocr_carea' id='block_1_5' title="bbox 126 2715 1038 3335">
    <p class='ocr_par' dir='ltr' id='par_1_6' title="bbox 126 2715 1038 3335">
     <span class='ocr_line' id='line_1_33' title="bbox 200 2715 1037 2786; baseline 0.001 -18"><span class='ocrx_word' id='word_1_233' title='bbox 200 2716 322 2768; x_wconf 83' lang='lat' dir='ltr'><strong><em>Publica</em></strong></span> <span class='ocrx_word' id='word_1_234' title='bbox 335 2715 488 2784; x_wconf 76' lang='lat' dir='ltr'><strong><em>persuasio</em></strong></span> <span class='ocrx_word' id='word_1_235' title='bbox 505 2716 564 2780; x_wconf 81' lang='lat' dir='ltr'><strong><em>fuit</em></strong></span> <span class='ocrx_word' id='word_1_236' title='bbox 581 2734 637 2768; x_wconf 90' lang='lat' dir='ltr'><strong><em>non</em></strong></span> <span class='ocrx_word' id='word_1_237' title='bbox 657 2723 763 2768; x_wconf 84' lang='lat' dir='ltr'><strong><em>tanturn</em></strong></span> <span class='ocrx_word' id='word_1_238' title='bbox 780 2718 879 2786; x_wconf 78' lang='lat' dir='ltr'><strong><em>uulyi,</em></strong></span> <span class='ocrx_word' id='word_1_239' title='bbox 898 2718 1037 2774; x_wconf 80' lang='lat' dir='ltr'><strong><em>sedetiam</em></strong></span> 
     </span>
     <span class='ocr_line' id='line_1_34' title="bbox 129 2784 1038 2853; baseline 0 -15"><span class='ocrx_word' id='word_1_240' title='bbox 129 2785 290 2838; x_wconf 80' lang='lat' dir='ltr'><strong><em>docentium</em></strong></span> <span class='ocrx_word' id='word_1_241' title='bbox 303 2784 333 2836; x_wconf 87' lang='lat' dir='ltr'><strong><em>in</em></strong></span> <span class='ocrx_word' id='word_1_242' title='bbox 346 2785 480 2852; x_wconf 83' lang='lat' dir='ltr'><strong><em>ecclesiis,</em></strong></span> <span class='ocrx_word' id='word_1_243' title='bbox 493 2787 570 2853; x_wconf 74' lang='lat' dir='ltr'><strong><em>quod</em></strong></span> <span class='ocrx_word' id='word_1_244' title='bbox 582 2785 748 2839; x_wconf 82' lang='lat' dir='ltr'><strong><em>discrimina</em></strong></span> <span class='ocrx_word' id='word_1_245' title='bbox 759 2785 893 2841; x_wconf 82' lang='lat' dir='ltr'><strong><em>ciborum</em></strong></span> <span class='ocrx_word' id='word_1_246' title='bbox 907 2797 936 2842; x_wconf 91' lang='lat' dir='ltr'><strong><em>ct</em></strong></span> <span class='ocrx_word' id='word_1_247' title='bbox 946 2787 1038 2842; x_wconf 65' lang='lat' dir='ltr'><strong><em>unia</em></strong></span> 
     </span>
     <span class='ocr_line' id='line_1_35' title="bbox 127 2853 1038 2923; baseline 0.003 -16"><span class='ocrx_word' id='word_1_248' title='bbox 127 2853 298 2907; x_wconf 86' lang='lat' dir='ltr'><strong><em>traditiones</em></strong></span> <span class='ocrx_word' id='word_1_249' title='bbox 315 2853 453 2906; x_wconf 76' lang='lat' dir='ltr'><strong><em>humanae</em></strong></span> <span class='ocrx_word' id='word_1_250' title='bbox 478 2855 534 2906; x_wconf 84' lang='lat' dir='ltr'><strong><em>sint</em></strong></span> <span class='ocrx_word' id='word_1_251' title='bbox 557 2871 645 2922; x_wconf 79' lang='lat' dir='ltr'><strong><em>opera</em></strong></span> <span class='ocrx_word' id='word_1_252' title='bbox 662 2853 747 2905; x_wconf 86' lang='lat' dir='ltr'><strong><em>utilia</em></strong></span> <span class='ocrx_word' id='word_1_253' title='bbox 769 2856 813 2906; x_wconf 84' lang='lat' dir='ltr'><strong><em>ad</em></strong></span> <span class='ocrx_word' id='word_1_254' title='bbox 825 2859 1038 2923; x_wconf 72' lang='lat' dir='ltr'><strong><em>promerendos</em></strong></span> 
     </span>
     <span class='ocr_line' id='line_1_36' title="bbox 130 2921 1038 2992; baseline 0.001 -16"><span class='ocrx_word' id='word_1_255' title='bbox 130 2922 253 2991; x_wconf 73' lang='lat' dir='ltr'><strong><em>oratiam</em></strong></span> <span class='ocrx_word' id='word_1_256' title='bbox 273 2930 299 2975; x_wconf 91' lang='lat' dir='ltr'><strong><em>et</em></strong></span> <span class='ocrx_word' id='word_1_257' title='bbox 318 2922 515 2989; x_wconf 72' lang='lat' dir='ltr'><strong><em>satisfactoria</em></strong></span> <span class='ocrx_word' id='word_1_258' title='bbox 530 2939 587 2991; x_wconf 76' lang='lat' dir='ltr'><strong><em>pro</em></strong></span> <span class='ocrx_word' id='word_1_259' title='bbox 602 2921 736 2991; x_wconf 78' lang='lat' dir='ltr'><strong><em>peccatis.</em></strong></span> <span class='ocrx_word' id='word_1_260' title='bbox 773 2924 816 2976; x_wconf 88' lang='lat' dir='ltr'><strong><em>Et</em></strong></span> <span class='ocrx_word' id='word_1_261' title='bbox 834 2929 919 2992; x_wconf 79' lang='lat' dir='ltr'><strong><em>quod</em></strong></span> <span class='ocrx_word' id='word_1_262' title='bbox 933 2928 974 2979; x_wconf 83' lang='lat' dir='ltr'><strong><em>sic</em></strong></span> <span class='ocrx_word' id='word_1_263' title='bbox 989 2941 1038 2977; x_wconf 75' lang='lat' dir='ltr'><strong><em>sen·</em></strong></span> 
     </span>
     <span class='ocr_line' id='line_1_37' title="bbox 127 2990 1038 3060; baseline 0.007 -16"><span class='ocrx_word' id='word_1_264' title='bbox 127 2992 200 3046; x_wconf 89' lang='lat' dir='ltr'><strong><em>serit</em></strong></span> <span class='ocrx_word' id='word_1_265' title='bbox 216 2993 352 3051; x_wconf 82' lang='lat' dir='ltr'><strong><em>mundus,</em></strong></span> <span class='ocrx_word' id='word_1_266' title='bbox 368 2999 490 3059; x_wconf 76' lang='lat' dir='ltr'><strong><em>apparet</em></strong></span> <span class='ocrx_word' id='word_1_267' title='bbox 508 3008 540 3043; x_wconf 85' lang='lat' dir='ltr'><strong><em>en</em></strong></span> <span class='ocrx_word' id='word_1_268' title='bbox 559 3008 606 3060; x_wconf 91' lang='lat' dir='ltr'><strong><em>eo,</em></strong></span> <span class='ocrx_word' id='word_1_269' title='bbox 630 2990 697 3059; x_wconf 80' lang='lat' dir='ltr'><strong><em>quin</em></strong></span> <span class='ocrx_word' id='word_1_270' title='bbox 715 2992 845 3057; x_wconf 78' lang='lat' dir='ltr'><strong><em>quotidie</em></strong></span> <span class='ocrx_word' id='word_1_271' title='bbox 867 2994 1038 3049; x_wconf 66' lang='lat' dir='ltr'><strong><em>intumus</em></strong></span> 
     </span>
     <span class='ocr_line' id='line_1_38' title="bbox 127 3059 1038 3129; baseline 0 -15"><span class='ocrx_word' id='word_1_272' title='bbox 127 3068 177 3114; x_wconf 85' lang='lat' dir='ltr'><strong><em>tur</em></strong></span> <span class='ocrx_word' id='word_1_273' title='bbox 196 3076 284 3114; x_wconf 82' lang='lat' dir='ltr'><strong><em>nonae</em></strong></span> <span class='ocrx_word' id='word_1_274' title='bbox 303 3060 488 3127; x_wconf 86' lang='lat' dir='ltr'><strong><em>ceremoniae,</em></strong></span> <span class='ocrx_word' id='word_1_275' title='bbox 511 3060 578 3112; x_wconf 86' lang='lat' dir='ltr'><strong><em>noui</em></strong></span> <span class='ocrx_word' id='word_1_276' title='bbox 595 3059 722 3126; x_wconf 81' lang='lat' dir='ltr'><strong><em>ordines,</em></strong></span> <span class='ocrx_word' id='word_1_277' title='bbox 739 3075 830 3112; x_wconf 88' lang='lat' dir='ltr'><strong><em>novae</em></strong></span> <span class='ocrx_word' id='word_1_278' title='bbox 842 3063 960 3129; x_wconf 87' lang='lat' dir='ltr'><strong><em>feriae,</em></strong></span> <span class='ocrx_word' id='word_1_279' title='bbox 977 3076 1038 3115; x_wconf 83' lang='lat' dir='ltr'><strong><em>noso</em></strong></span> 
     </span>
     <span class='ocr_line' id='line_1_39' title="bbox 129 3128 1038 3202; baseline 0.004 -21"><span class='ocrx_word' id='word_1_280' title='bbox 129 3129 250 3198; x_wconf 69' lang='lat' dir='ltr'><strong><em>jejunia,</em></strong></span> <span class='ocrx_word' id='word_1_281' title='bbox 269 3136 296 3182; x_wconf 89' lang='lat' dir='ltr'><strong><em>et</em></strong></span> <span class='ocrx_word' id='word_1_282' title='bbox 315 3130 445 3182; x_wconf 83' lang='lat' dir='ltr'><strong><em>doctores</em></strong></span> <span class='ocrx_word' id='word_1_283' title='bbox 462 3128 492 3180; x_wconf 87' lang='lat' dir='ltr'><strong><em>in</em></strong></span> <span class='ocrx_word' id='word_1_284' title='bbox 510 3128 622 3196; x_wconf 78' lang='lat' dir='ltr'><strong><em>templis</em></strong></span> <span class='ocrx_word' id='word_1_285' title='bbox 641 3128 789 3195; x_wconf 71' lang='lat' dir='ltr'><strong><em>eniocbant</em></strong></span> <span class='ocrx_word' id='word_1_286' title='bbox 800 3130 875 3184; x_wconf 78' lang='lat' dir='ltr'><strong><em>laec</em></strong></span> <span class='ocrx_word' id='word_1_287' title='bbox 888 3150 978 3202; x_wconf 78' lang='lat' dir='ltr'><strong><em>opera</em></strong></span> <span class='ocrx_word' id='word_1_288' title='bbox 987 3141 1038 3185; x_wconf 78' lang='lat' dir='ltr'><strong><em>tas·</em></strong></span> 
     </span>
     <span class='ocr_line' id='line_1_40' title="bbox 128 3197 1038 3281; baseline 0.001 -32"><span class='ocrx_word' id='word_1_289' title='bbox 128 3213 215 3264; x_wconf 69' lang='lat' dir='ltr'><strong><em>quam</em></strong></span> <span class='ocrx_word' id='word_1_290' title='bbox 231 3199 420 3250; x_wconf 85' lang='lat' dir='ltr'><strong><em>necessarium</em></strong></span> <span class='ocrx_word' id='word_1_291' title='bbox 437 3197 541 3250; x_wconf 86' lang='lat' dir='ltr'><strong><em>cultum</em></strong></span> <span class='ocrx_word' id='word_1_292' title='bbox 559 3199 601 3249; x_wconf 87' lang='lat' dir='ltr'><strong><em>ad</em></strong></span> <span class='ocrx_word' id='word_1_293' title='bbox 613 3198 836 3264; x_wconf 84' lang='lat' dir='ltr'><strong><em>promerendam</em></strong></span> <span class='ocrx_word' id='word_1_294' title='bbox 859 3203 999 3281; x_wconf 62' lang='lat' dir='ltr'><strong><em>qratiam,</em></strong></span> <span class='ocrx_word' id='word_1_295' title='bbox 1017 3203 1038 3250; x_wconf 78' lang='lat' dir='ltr'><strong><em>ct</em></strong></span> 
     </span>
     <span class='ocr_line' id='line_1_41' title="bbox 126 3265 1038 3335; baseline 0.007 -18"><span class='ocrx_word' id='word_1_296' title='bbox 126 3265 300 3322; x_wconf 73' lang='lat' dir='ltr'><strong><em>uehementer</em></strong></span> <span class='ocrx_word' id='word_1_297' title='bbox 317 3267 457 3320; x_wconf 86' lang='lat' dir='ltr'><strong><em>terrebant</em></strong></span> <span class='ocrx_word' id='word_1_298' title='bbox 472 3266 665 3335; x_wconf 84' lang='lat' dir='ltr'><strong><em>conscientias,</em></strong></span> <span class='ocrx_word' id='word_1_299' title='bbox 683 3265 711 3318; x_wconf 87' lang='lat' dir='ltr'><strong><em>si</em></strong></span> <span class='ocrx_word' id='word_1_300' title='bbox 720 3265 795 3334; x_wconf 76' lang='lat' dir='ltr'><strong><em>quid</em></strong></span> <span class='ocrx_word' id='word_1_301' title='bbox 804 3277 976 3325; x_wconf 71' lang='lat' dir='ltr'><strong><em>annuant.</em></strong></span> <span class='ocrx_word' id='word_1_302' title='bbox 1000 3269 1038 3323; x_wconf 72' lang='lat' dir='ltr'><strong><em>Et</em></strong></span> 
     </span>
    </p>
   </div>
   <div class='ocr_carea' id='block_1_6' title="bbox 0 0 1116 3772">
    <p class='ocr_par' dir='ltr' id='par_1_7' title="bbox 0 0 1116 3772">
     <span class='ocr_line' id='line_1_42' title="bbox 0 0 1116 3772; baseline 0 1"><span class='ocrx_word' id='word_1_303' title='bbox 0 0 1116 3772; x_wconf 95' lang='lat' dir='ltr'><strong><em> </em></strong></span> 
     </span>
    </p>
   </div>
  </div>
 </body>
</html>
