2250 3772
287 265 341 331 De
358 264 534 331 ministerio
556 265 779 331 ecclesiastico.
914 262 977 330 363

103 435 187 501 septam
201 434 346 502 ordinibus,
384 433 462 488 uoles
483 440 505 490 1.
516 433 653 498 sacerdos,
673 441 696 490 2.
715 434 855 496 diaconus,
874 441 899 490 3.
913 434 977 488 sub·

104 500 217 569 disooum
233 511 259 559 4.
276 503 358 559 acolu
390 521 431 568 ns,
448 509 471 557 5.
490 503 585 573 lector,
603 510 626 559 6.
645 505 785 559 exorcista.
805 511 828 559 7.
840 503 977 571 ostiarius,

104 569 213 627 auam.
229 572 278 627 lib.
301 579 324 628 1.
345 572 458 626 declar.
476 588 498 626 c.
515 578 555 627 11.
573 570 624 628 col.
640 578 698 628 258.
711 572 747 627 D.
765 573 871 644 gannit,
890 587 978 643 purae

119 640 169 692 une
186 639 376 696 nonachorum
403 658 440 694 nu
461 655 495 694 ac
520 647 596 710 sunt,
630 641 789 712 Scripturas
812 640 977 712 incognitae.

132 704 138 719 '
159 724 214 781 ergo
231 726 278 765 eas
296 710 393 765 mento
413 728 427 762 r
454 709 460 723 ‘
483 709 611 780 quimus.)

142 843 165 909 9.
203 846 364 929 Quodnam
386 858 430 910 eat
449 847 586 910 niiniotn'
607 848 746 912 ecclesiae
767 845 924 933 officinm?

103 1000 118 1108 -ᾰ
167 964 191 1030 1.
208 966 354 1032 Verbum
368 964 431 1029 Dei
448 975 638 1041 constanter,
658 987 737 1051 pure
753 976 784 1030 et
799 966 980 1051 incorrupte

118 1066 161 1110 oce
190 1100 197 1116 .

116 1228 129 1243 ..
156 1164 230 1231 (Illud
250 1172 345 1222 antem
360 1172 393 1221 ut
408 1166 471 1230 fiat,
489 1166 569 1220 donis
589 1165 695 1220 adhoc
713 1165 835 1220 officium
854 1184 980 1222 neccssa-

105 1232 290 1290 msinstrnotus
308 1237 352 1303 sit,
369 1236 424 1289 vid.
444 1239 470 1290 2.
491 1237 562 1289 Tim.
579 1238 606 1303 3,
627 1238 676 1303 173
698 1237 753 1293 Tit.
772 1240 797 1302 1,
816 1239 841 1305 9,
857 1241 890 1288 ut
908 1237 981 1289 soili-

104 1304 137 1352 tot
148 1304 229 1358 onnia
243 1304 340 1359 referri
355 1304 462 1375 possint
489 1310 511 1359 1.
530 1305 566 1358 ad
584 1304 783 1373 detornatam
802 1310 829 1363 2.
849 1306 981 1392 turmot,-

105 1370 264 1442 auaitum
282 1380 308 1429 4.
328 1373 524 1447 ἐπανόρθωσιν
530 1397 540 1439 ,·
558 1380 582 1429 5.
601 1378 770 1434 neutralem
795 1378 818 1428 θ.
836 1377 980 1442 παρακλη-

104 1447 400 1578 ῦῢςθῑέῗαραμυθίαν.
445 1442 500 1496 Hic
527 1441 575 1512 qui
594 1447 686 1495 mutus
713 1447 769 1507 est,
795 1441 867 1497 fidus
886 1447 981 1513 pastor

104 1517 144 1558 Μ
191 1555 197 1566 .

165 1614 190 1681 2.
204 1612 411 1680 Sacramenta
421 1615 515 1698 juxta
528 1613 758 1678 institutionem
770 1611 890 1679 Christi
904 1616 982 1681 fide-

102 1687 155 1759 liter
170 1698 359 1786 dispensare.

164 1817 190 1885 3.
218 1818 259 1881 In
287 1815 434 1882 omnibus
462 1815 603 1902 seipsum
635 1817 797 1917 exemplar
825 1816 981 1883 bonorum

104 1902 265 2053 ostrpm7in
285 1901 429 1966 doctrina
450 1914 483 1966 ct
502 1924 627 1966 morum
649 1911 803 1988 grantate
817 1903 981 1987 praebere,

180 2034 189 2064 ,
232 2038 240 2055 .

153 2101 229 2166 (Vide
253 2103 290 2159 de
311 2102 354 2156 his
378 2102 463 2157 officii
484 2103 612 2173 partibus
636 2107 661 2157 1.
686 2103 756 2157 Tim.
774 2108 806 2168 3,
825 2107 844 2157 2
861 2122 935 2176 seqq.
956 2115 983 2160 et

104 2164 175 2240 ⁴·12;
194 2176 218 2229 1.
233 2174 331 2226 Theos.
349 2174 377 2239 2,
394 2177 444 2239 103
464 2175 491 2229 2.
506 2174 569 2227 Cor.
588 2175 614 2234 6,
634 2174 654 2224 3
661 2191 673 2238 ,·
691 2176 715 2227 1.
724 2173 803 2226 Patr.
815 2177 842 2239 5,
862 2177 889 2227 3.
926 2175 983 2231 Ubi

103 2227 153 2316 ΝΡ
166 2241 310 2296 axiomata:
331 2247 353 2296 1.
370 2241 429 2295 uita
448 2241 573 2294 ministri
590 2250 724 2310 corrupta
741 2243 784 2296 nil
796 2245 916 2313 derogat
934 2247 984 2298 do-

103 2307 186 2363 &nae
201 2309 365 2378 intepritati.
402 2308 417 2361 1
468 2325 503 2363 ue
528 2315 551 2363 2.
574 2318 752 2364 sacramenta
768 2312 851 2364 ettam
868 2331 887 2365 a
903 2314 984 2366 mini-

103 2375 147 2426 ttuo
160 2378 241 2459 impio
260 2379 375 2446 collata,
393 2378 454 2431 nth'
466 2379 575 2432 amians
591 2387 655 2432 anat
670 2381 809 2443 efficacia.
836 2380 900 2437 Non
910 2382 984 2436 enim

104 2446 153 2495 snt
163 2447 354 2510 ministrorum,
375 2447 424 2502 sed
436 2446 546 2510 Christi,
568 2447 615 2517 qni
628 2452 670 2502 est
681 2447 817 2502 Dominus
831 2449 984 2517 ministerii,

104 2512 175 2589 otper
190 2515 259 2570 illud
278 2514 387 2570 efficax.
426 2519 536 2570 Errant
546 2517 715 2570 Donatistae
734 2525 759 2570 et
771 2519 984 2586 Anabapto'atae,

103 2580 273 2717 fflpmeffioax
289 2599 349 2638 esse
367 2584 548 2638 ministerium
559 2585 745 2640 ministrorum
757 2585 904 2655 impiorum
914 2603 985 2640 vane

102 2656 230 2777 mogunt,
248 2654 375 2789 Pratepl.
393 2653 412 2707 l.
432 2660 456 2708 4.
475 2653 634 2709 ethaeros.
656 2658 695 2708 14.
711 2672 741 2724 p.
762 2660 818 2710 149.
854 2655 985 2722 Wo'yand.

166 2823 193 2890 4.
217 2823 434 2910 Disciplinam
457 2824 703 2890 ecclesiasticam
730 2849 770 2891 ex
789 2823 984 2911 praescripto

104 2901 180 2972 urbo
200 2908 266 2976 Dei
285 2909 427 2974 studiose
448 2910 677 2976 administrare.

109 3082 156 3172 m·
173 3097 211 3159 In
232 3118 293 3181 qno
313 3119 385 3160 oeno
406 3097 570 3181 disciplina
591 3098 794 3162 ecclesiastica
814 3095 973 3160 consistit?

168 3210 204 3276 In
223 3213 350 3279 duobus
364 3214 552 3300 praecipue:
578 3214 606 3280 1.
621 3213 654 3277 in
668 3224 823 3299 potestate
839 3214 985 3291 clavium,

104 3278 171 3357 2511
188 3318 263 3364 cura
285 3298 426 3363 decentis
448 3298 577 3365 ordinis.

1000 3432 1066 3544 f
