2250 3772
102 246 160 311 De
182 234 459 330 adjunctivis'sive'
482 240 877 331 accidentibusbaptismi.
915 244 979 311 525

66 415 123 475 tJbt
143 420 168 470 2.
185 414 225 469 'ab
243 415 375 485 apostolis
393 412 533 484 traditae?
569 414 627 471 Ubi
650 420 673 470 3.
700 414 799 469 eadem
824 414 931 469 ratione
951 419 980 468 et

66 487 120 542 ine
147 483 186 537 ab
205 485 322 539 ecclesia
344 485 484 555 primitiva
506 484 676 554 usiupatae‘?
721 483 759 537 Et
783 489 807 537 4.
835 483 870 537 ab
888 481 981 537 ortho-

66 553 146 611 loxis
175 552 302 635 patribus
325 552 553 636 commendatae?
592 554 663 634 Sunt
682 560 761 634 ,certe
782 559 809 635 ᾖ.
829 552 980 636 pleraeque

66 626 288 761 biiiiiiii.
306 621 980 760 ..ttitinit.t.tt⁵.¹t.t⁸.tt¹ttt⁰ttttt÷

66 763 188 831 ideoque
210 761 309 832 metito
336 761 505 831 antiquatae.
547 763 658 813 &aaut
683 766 706 815 2.
728 760 906 828 Caioa'aiani,
930 760 980 831 qui

66 830 250 887 exorcismum
276 829 306 883 in
333 830 441 884 actione
465 829 597 898 baptismi
622 835 757 900 tanquam
782 845 841 883 rem
866 846 979 898 prorsus

66 902 101 955 'm
125 899 183 953 iam
209 899 350 955 damnant.
386 897 459 953 Vide
486 901 598 950 naam.
624 916 698 968 resp.
723 896 759 952 ad
783 898 818 952 fr.
839 899 979 954 Bottiaia.

66 984 119 1025 ro.
139 973 165 1025 2.
184 984 211 1036 p.
234 972 292 1022 227.
328 971 435 1022 Bucen.
453 967 609 1022 institunt.
627 973 668 1022 47.
691 983 717 1037 q.
736 972 779 1023 46.
803 984 830 1037 p.
850 971 899 1022 639
919 984 976 1038 seq.

66 1037 192 1106 [deoque
208 1034 340 1089 ecclesias
357 1035 491 1106 quasdam
500 1035 657 1105 Augustam
671 1035 803 1103 Confess,
822 1052 894 1106 qnae
912 1053 979 1090 eun·

66 1106 131 1161 iem
158 1102 292 1158 hactenus
313 1111 448 1175 tanquam
470 1105 653 1173 ceremoniam
676 1111 705 1158 et
723 1110 925 1174 pervetustum,
950 1110 980 1160 et

66 1174 201 1240 tiberem,
219 1180 247 1226 et
266 1173 295 1226 in
312 1174 438 1241 ecclesia,
457 1173 517 1227 sine
536 1174 667 1226 scandalo
687 1178 763 1227 recte
780 1174 979 1236 institutorum,

66 1244 114 1297 iin
131 1243 316 1309 observatam,
336 1242 371 1296 de
387 1242 496 1310 peccati
517 1249 537 1296 1.
550 1241 682 1296 servitute
695 1242 809 1309 misera,
831 1248 855 1296 2.
875 1243 979 1296 virtute

66 1316 92 1368 st
124 1309 251 1365 efficacia
273 1310 419 1379 baptismi,
445 1317 467 1365 3.
491 1311 668 1380 stipulatione
695 1317 724 1363 et
744 1311 903 1380 juramento
928 1312 978 1365 soli

66 1381 128 1436 Deo
144 1379 294 1450 praestito,
324 1388 347 1434 4.
366 1379 465 1433 militia
482 1380 600 1450 denique
626 1379 711 1433 totius
735 1380 810 1434 vitae
829 1380 979 1434 admonen-

66 1456 122 1507 tem
139 1453 324 1516 usurparunt,
349 1449 443 1503 neseio
460 1450 539 1518 cujus
562 1447 747 1503 idolomaniae
767 1448 978 1516 abominandae,

66 1517 273 1574 exorcisationis
291 1518 432 1571 satanicae
444 1523 473 1572 et
484 1534 540 1570 non
550 1517 683 1572 ferendae
694 1517 898 1587 superstitionis
909 1535 978 1587 pon-

66 1586 171 1642 tificiae
185 1601 254 1654 reos,
267 1586 317 1639 sed
328 1592 422 1640 tamen
431 1593 540 1654 praeter
557 1603 637 1641 omne
648 1586 778 1640 meritum
797 1587 977 1655 proclamant.

66 1656 196 1710 Abusum
220 1653 244 1706 si
268 1654 442 1723 damnarent,
468 1672 549 1708 usum
571 1655 727 1726 legitimum
745 1655 979 1722 commendarent,

66 1724 170 1779 metius
186 1723 274 1776 multo
290 1723 421 1778 facerent.
458 1725 501 1779 De
518 1724 678 1778 ceremoniis
696 1722 826 1793 baptismi
845 1723 874 1776 in
891 1725 980 1779 eccle·

66 1792 114 1847 siis
131 1791 234 1846 nostris
252 1791 370 1859 usitatis,
388 1793 500 1847 consule
519 1794 642 1862 Aqeado
661 1793 827 1859 Haasiaca.)

66 1912 116 1978 41.
152 1913 284 1977 Rectene
302 1916 355 1993 fit,
378 1916 462 1994 quod
478 1916 559 1976 inter
580 1913 659 1975 aliae
681 1914 828 1995 baptismi
847 1934 978 1976 ceremo-

66 2000 137 2063 niae
159 1999 252 2061 etiam
273 2008 473 2083 susceptores
496 2007 527 2060 et
547 1995 665 2082 patrini
689 1999 733 2059 ad
752 1997 977 2080 infantulorum

299 2094 302 2101 '
333 2084 521 2167 baptismum
540 2080 712 2166 coquntur?
807 2143 809 2147 ,
982 2086 984 2091 ’

150 2200 292 2283 Antiqua
319 2203 356 2263 id
375 2202 515 2265 ecciesiae
535 2201 750 2265 consuetudine
778 2210 857 2263 recte
877 2202 978 2264 obser·
1042 2272 1045 2279 Ι

66 2295 167 2369 notar,
187 2294 224 2346 ut
247 2286 274 2350 1.
296 2284 426 2364 devotas
455 2284 496 2348 ad
517 2285 626 2349 Deum
644 2305 703 2370 pro
724 2282 899 2348 infantibus
919 2284 978 2349 ba·

66 2367 192 2457 ptisatis
213 2390 326 2453 preces
348 2369 490 2436 fundant.
839 2418 842 2425 .
981 2422 984 2429 .

66 2537 96 2603 bl
151 2453 200 2518 Ut
227 2455 257 2518 2.
288 2454 429 2540 suscepti
457 2450 645 2518 sacramenti
667 2451 883 2516 testimonium
905 2474 978 2536 per-

84 2536 206 2603 ‘beant

75 2664 79 2671 ·
148 2623 199 2689 Ut
219 2624 248 2688 3.
261 2645 320 2709 pro
334 2622 501 2722 baptisatis
517 2622 741 2708 spondeantet
755 2620 985 2706 respondeant,

150 2709 199 2774 Ut
220 2709 250 2773 4.
273 2707 445 2772 christiana
465 2707 530 2771 illis
551 2707 682 2771 nomina
702 2706 875 2792 imponant.

107 2840 114 2849 -
150 2794 200 2859 Ut
220 2794 250 2858 5.
273 2815 374 2877 aeque
397 2815 434 2857 ao
454 2801 603 2879 parentes
631 2791 761 2856 eosdem
786 2813 882 2875 quam
903 2789 977 2854 dili-

66 2876 252 2965 gentissime
271 2875 307 2941 in
333 2877 396 2942 fide
422 2888 453 2943 et
480 2876 593 2942 timore
614 2876 678 2940 Dei
709 2875 875 2939 instituant
904 2897 977 2938 san-

66 2972 181 3046 ataque
201 2984 328 3027 morum
348 2962 529 3049 integritate
549 2962 703 3026 imbuant.

134 3079 204 3147 (Alii
222 3094 327 3153 morem
343 3078 418 3160 huno
434 3097 468 3134 ex
484 3079 636 3133 imitatione
645 3076 791 3160 ,baptismi
802 3054 988 3159 catechume-¹

66 3166 178 3217 norum,
195 3165 311 3221 quorum
329 3149 454 3230 meminit
472 3150 593 3215 Dionys.
612 3147 755 3215 Areopaq.
773 3147 821 3202 hb.
840 3146 976 3230 hierqrcb.

66 3216 345 3353 &atati
358 3217 528 3356 iiiiii?
538 3220 986 3357 tttttt’ttttttttttz.
