2250 3772
185 253 239 323 De
253 274 350 318 causa
365 252 522 318 efficiente
536 252 603 317 sive
618 262 728 317 autore
743 251 903 337 baptismi.
946 251 1009 318 497

116 423 215 479 torae
233 421 369 493 accipitur
385 439 437 545 Ero
452 422 539 493 largis
558 426 587 476 et
604 421 808 478 miraculosisS
829 420 909 477 iritus
921 421 1010 476 saneti

86 441 189 547 {onia
215 491 276 555 Quo
295 507 378 546 sensu
411 490 513 544 hristus
526 490 627 544 dicitur
641 490 783 560 baptisare
816 490 900 560 piritu
912 497 1010 546 sancto

93 567 127 617 et
143 561 219 632 igne,
239 561 344 615 Mortis.
362 564 389 628 3,
407 565 458 629 11,
477 562 575 617 Actor.
596 565 620 628 1,
640 565 666 615 o.
705 560 832 630 Itemque
850 576 900 628 pro
918 574 1008 629 cruce,

90 630 252 685 afflictione
270 634 299 683 et
314 634 416 694 morte,
434 634 466 682 ut
485 629 589 681 Morta.
610 631 662 697 20,
682 631 727 681 22.
765 628 886 682 Potestis
903 628 1009 699 baptis·

91 704 174 754 msto
191 697 328 767 baptisari
345 715 400 768 quo
425 713 478 768 ego
500 697 643 767 baptisor?
681 703 705 751 3.
732 696 938 763 synecdochice
956 715 1008 768 pro

90 767 271 822 institutione
289 771 317 822 et
337 767 471 820 doctrina.
509 765 554 820 Sic
573 767 607 819 de
625 764 727 835 Apollo
747 766 861 831 dieitur,
883 768 946 819 Act.
968 772 1008 834 18,
1113 796 1117 803 -

92 841 144 906 25,
163 836 240 907 quod
258 836 369 890 sciverit
387 840 496 889 tuntum
515 834 654 903 baptisma
669 834 813 889 ‚Iohannis
851 841 875 888 4.
892 834 1008 905 Specio-

92 907 164 959 is'ter
184 905 299 959 denotat
313 904 516 958 immersionem
534 903 564 956 in
584 919 601 956 a
620 920 685 955 uam
705 902 763 956 sive
782 903 944 957 effusionem
962 904 1008 958 vel

88 973 285 1055 aspersionem
302 989 400 1044 aquae.
435 972 513 1036 Quae
529 921 694 1095 sgffiiicatio
712 971 797 1041 huJ'us
812 971 867 1028 loci
886 978 929 1026 est
944 988 1008 1042 pro-

89 1059 167 1115 pm.
196 1041 330 1098 Veterum
338 1042 536 1110 baptismiapp
592 1040 680 1094 tiones
691 1041 800 1094 notavit
809 1043 847 1094 D.
856 1042 1008 1111 Pelaryus,

87 1128 186 1181 comp.
203 1109 287 1164 theol.
308 1111 415 1184 locltt.
437 1128 464 1181 p.
476 1116 536 1164 304.
568 1108 743 1164 Definitionis
760 1126 849 1180 genus
875 1111 1007 1165 remotius

89 1186 139 1235 est
164 1180 238 1233 actio
264 1179 395 1233 divinitus
423 1178 559 1232 instituta.
608 1176 783 1231 Describitur
813 1178 887 1232 enim
915 1180 1008 1235 verbis

88 1249 236 1304 actionem
251 1247 464 1319 requirentibus,
482 1248 588 1314 lavare,
606 1245 769 1317 immergere
787 1249 832 1301 vel
852 1264 1008 1320 aspergere.

88 1317 201 1398 Propin
221 1334 288 1371 uum
316 1324 359 1371 est
388 1316 506 1371 alterum
528 1316 563 1371 N.
586 1314 662 1369 Test.
689 1321 900 1371 sacramentum.
951 1317 1008 1373 Ubi

87 1388 200 1441 nasto
280 1424 288 1454 ‚
310 1386 385 1466 quod
409 1390 504 1455 patres
525 1384 561 1440 V.
583 1383 615 1437 T.
639 1384 669 1437 in
690 1383 788 1454 Moyse
809 1384 943 1455 baptisati
967 1385 1008 1439 di-

88 1460 197 1511 cuutur
215 1454 245 1507 in
260 1471 344 1520 marr,
371 1460 393 1510 1.
417 1454 541 1507 Coriatb
558 1456 602 1519 10,
621 1456 647 1504 2.
683 1451 747 1507 Non
766 1452 839 1507 enim
856 1455 917 1509 vult
932 1454 1007 1509 Pau-

88 1524 138 1579 lus
164 1527 290 1577 nostrum
313 1522 481 1592 baptismum
503 1521 587 1576 etiam
611 1520 641 1574 in
664 1521 699 1575 V.
722 1521 755 1575 Τ.
779 1522 929 1592 exstitisse,
955 1524 1006 1579 sed

88 1598 206 1648 tentum
221 1592 368 1646 transitum
385 1591 464 1645 illum
483 1608 533 1660 per
556 1606 632 1644 mare
655 1589 771 1643 rubrum
795 1590 879 1662 hujus
905 1596 1006 1663 typum

89 1662 191 1717 fnisse.
228 1658 371 1723 Quomodo
394 1667 421 1715 et
446 1676 511 1714 arce
529 1659 621 1726 Noae,
645 1664 669 1712 1.
686 1660 763 1713 Petr.
780 1662 807 1727 3,
829 1664 879 1725 20,
903 1668 931 1715 et
953 1662 1006 1715 cir·

88 1728 235 1797 sunosio,
253 1728 359 1809 θρίου.
377 1731 404 1793 2,
421 1731 469 1795 11,
487 1728 612 1808 ejusdem
628 1727 830 1808 typifuerunt.
865 1729 1005 1809 lutherus

88 1796 1006 1938 attuit·tttttmtfitttmittitiffltttutti

88 1936 216 1991 alienum
234 1951 302 2002 esse,
320 1951 352 1989 eo
371 1935 447 2005 quod
464 1951 498 1988 ex
515 1934 605 1988 alieno
622 1933 855 2002 praedicamento.
874 1935 1004 1989 substan-

89 2005 150 2060 tiae
167 2003 226 2058 scil.
247 2002 435 2072 desumptum,
460 2020 524 2057 cum
542 2002 696 2071 baptismus
714 2010 807 2055 tamen
824 2003 907 2057 sitin
925 2021 1003 2075 prae·

87 2074 195 2129 dicam.
220 2071 355 2140 Aetionis,
372 2072 524 2126 clamitant
550 2072 695 2125 Keeleerm.
712 2069 729 2123 l.
746 2076 766 2124 l.
786 2076 854 2140 syst.
868 2072 924 2143 log.
941 2090 967 2130 e.
978 2079 1002 2130 2.

87 2160 119 2215 p.
139 2148 182 2197 43.
219 2142 260 2195 At
282 2140 388 2196 elench.
410 2156 530 2210 compos.
554 2147 583 2194 et
605 2138 686 2195 divis.
713 2144 742 2192 et
762 2141 915 2194 secundum
934 2140 1002 2212 quid

86 2209 278 2266 committunt.
315 2209 379 2265 Non
401 2210 474 2263 enirn
491 2208 631 2263 Lutherus
655 2223 756 2279 aquam
779 2209 941 2278 simpliciter
962 2212 1003 2265 in-

86 2279 197 2351 telligit
233 2278 284 2333 sed
300 2278 452 2332 seeundum
472 2278 551 2349 quid,
578 2283 714 2347 quatenus
732 2294 748 2330 a
769 2294 806 2331 ua
824 2279 955 2334 mandato
975 2286 1004 2335 et

86 2347 178 2405 verbo
196 2319 250 2401 bei
268 2347 430 2416 conjuncta,
453 2347 506 2400 boe
526 2350 570 2399 est
594 2353 730 2426 quatenus
750 2294 895 2426 iavacrum
913 2365 1003 2420 aquae

86 2417 119 2473 in
141 2415 243 2484 verbo,
271 2417 376 2483 Epiros.
395 2421 420 2483 5,
439 2418 492 2484 26,
520 2414 565 2469 vel
588 2415 662 2485 quod
686 2415 774 2483 idem,
800 2417 939 2471 immersio
958 2420 1002 2474 vel

86 2502 119 2541 os
142 2484 214 2539 ersio
242 2500 340 2554 aquae.
375 2483 542 2538 Differentia
569 2483 700 2552 specifica
727 2483 844 2538 sumitur
869 2502 887 2539 a
912 2488 1002 2541 causis

138 2553 238 2620 ciente,
255 2552 467 2607 instrumentali,
485 2552 630 2620 materiali,
649 2552 768 2621 formali,
787 2552 893 2607 effectis
911 2560 939 2608 et
952 2556 1002 2612 ob·

86 2624 173 2695 jecto.
210 2622 255 2675 De
273 2621 374 2693 quibus
393 2621 423 2675 in
440 2624 576 2691 sequent)

86 2750 155 2818 DE
182 2748 340 2816 CAUSA
368 2746 653 2898 EFgllfflliffl
678 2746 786 2816 SIVE
806 2748 1002 2817 AUTORE

129 2946 162 3011 3.
202 2943 279 3023 Quis
303 2956 347 3006 est
369 2956 461 3006 autor
483 2947 637 3028 baptismi,
660 2947 713 3031 qui
732 2968 801 3008 eum
820 2948 958 3028 primum

471 3028 625 3092 instituit?

173 3121 249 3204 Ipse
277 3120 374 3184 Deus.
417 3119 505 3200 Quia
535 3122 561 3186 1.
582 3121 749 3186 iohannes
776 3143 843 3184 non
871 3122 1001 3206 propria

86 3203 339 3355 αιιὶοτὶΙὶαῦὲὲεθᾱ
352 3206 503 3270 mandato
517 3205 624 3269 divino
639 3204 819 3290 baptisavit,
835 3207 952 3285 Lucii,
962 3210 982 3273 2
990 3231 1000 3284 ;

86 3292 160 3361 Jot.
203 3337 214 3367 ,
279 3338 288 3354 .

806 3399 833 3443 82
