2250 3772
258 231 312 296 De
333 229 537 297 sacramentis
552 230 725 317 ingemere.
758 214 759 219 ἵ
892 231 955 298 487

74 409 190 472 amento
215 400 357 457 utentibus
388 399 480 470 mutia
505 397 676 454 conferretur
704 406 733 453 et
761 399 956 471 applicaretur,

73 475 134 529 iam
151 469 300 527 incredulis
319 473 348 523 et
369 467 623 541 impoenitentibus.
661 467 837 522 Absurduml
873 470 956 533 Quic-

74 543 117 598 rid
134 559 169 596 ex
185 539 241 594 fide
258 555 315 592 non
334 542 385 607 est,
403 544 549 619 peccatum
565 544 615 602 est,
632 538 711 590 Rom.
729 540 770 605 14,
790 539 836 591 23.
873 538 957 595 Unde

74 612 171 667 rioma:
191 614 370 663 sumomonte
386 623 445 660 sanc
462 608 519 670 ficta
533 606 636 659 atentia
646 606 718 659 nabal
729 614 856 686 prorant.
873 606 957 662 Elen·

74 697 102 736 ιο
121 696 188 734 vero
204 676 392 747 oppositorum
409 675 525 736 ludunt,
548 675 596 744 qui
615 673 698 728 fidem
714 675 760 728 hic
778 676 957 731 sacramentis

74 753 202 820 >ponunt
229 746 437 803 Sacramentum
455 743 528 797 enim
546 751 588 797 est
599 743 809 798 instrumentum
829 743 956 814 offerens,
996 767 1002 775 ·

74 819 120 874 ico
137 815 289 886 recipiens,
317 813 408 868 etsie
435 819 499 866 sunt
517 813 704 867 subordinate.
740 811 824 866 Refer
842 812 897 867 huc
915 830 957 878 ea,
1053 850 1057 865 .

74 903 123 943 rae
140 901 225 955 supra
244 883 279 937 de
295 881 493 947 ¹iustificatione
512 880 643 946 diximus,
663 882 800 951 quomodo
819 887 848 935 et
866 883 959 954 gratia

74 955 105 1012 *ei
121 959 152 1010 et
167 953 265 1008 merito
285 950 388 1006 Christi
405 954 435 1004 et
450 949 506 1004 fide
524 955 552 1003 et
571 949 750 1004 sacramentis
765 949 958 1018 justificemur.

74 1030 164 1078 'a'rum
184 1027 208 1077 3.
221 1020 377 1144 postussati,
404 1019 470 1072 dum
485 1025 659 1072 sacramenta
677 1017 822 1088 signacula
839 1021 959 1089 gratiam

74 1094 174 1148 ivinam
191 1108 227 1147 no
248 1089 272 1143 is
288 1105 452 1159 promrssam
471 1087 647 1157 obsignantia
657 1091 686 1141 et
697 1086 888 1141 confirmantia
900 1106 959 1144 esse

74 1160 213 1234 mpliciter
227 1175 262 1213 ne
319 1163 339 1210 t
373 1155 440 1212 Vid.
457 1156 597 1211 Bellarm.
617 1155 635 1210 l.
651 1162 673 1210 l.
690 1156 725 1208 de
743 1172 859 1211 sacram.
877 1173 902 1213 c.
918 1164 958 1212 14.
1031 1165 1033 1170 ’

89 1237 116 1287 3.
133 1229 246 1284 cotto.
289 1231 344 1282 ‚et
368 1242 393 1279 c.
414 1231 452 1280 17.
478 1223 528 1304 col
547 1231 578 1279 5¹1
597 1241 673 1346 seq‘i‘
713 1223 782 1278 Cum
800 1232 893 1279 tamen
913 1242 959 1280 ex·

74 1315 147 1356 resse
173 1302 196 1352 1.
222 1293 393 1350 circumcisio
419 1303 573 1346 nommetur
594 1293 656 1363 eigil
669 1310 715 1345 um
733 1293 861 1373 justitiae
883 1292 959 1363 fidei,

74 1373 133 1425 'mn
147 1370 172 1434 l,
194 1370 232 1419 11.
268 1369 291 1419 2.
303 1362 464 1444 Baptismus
483 1362 573 1416 bonae
591 1362 776 1417 conscientiae
794 1361 916 1434 impetra
941 1383 958 1415 α

74 1451 91 1499 ς
109 1434 179 1490 θεόν
195 1433 374 1502 interrogatio
393 1431 422 1484 in
439 1431 544 1493 Deum,
562 1430 634 1499 quid
647 1430 704 1486 scil.
724 1430 893 1486 conscientia
931 1449 959 1485 a·

74 1505 150 1563 tisati
167 1504 202 1558 de
221 1500 311 1573 gratia
319 1500 374 1556 Dei
391 1499 444 1554 sibi
455 1498 615 1568 promittere
628 1499 736 1566 debeat,
756 1505 778 1552 1.
792 1501 867 1554 Patr.
879 1505 906 1564 3,
915 1503 959 1556 21.

74 1624 76 1629 ,
94 1574 165 1628 Tres
182 1571 252 1638 sint,
270 1568 319 1640 qui
337 1568 519 1623 testificentur
535 1568 564 1620 in
582 1575 669 1635 terra,
690 1567 808 1638 Spiritus
827 1568 959 1631 (ministe-

74 1662 123 1699 um
140 1638 289 1710 evangelii)
307 1642 336 1692 et
354 1653 428 1707 aqua
446 1635 597 1705 (baptismi)
617 1644 645 1691 ct
660 1638 772 1707 sanguis
792 1640 892 1703 (coena
913 1638 961 1692 do·

74 1711 196 1778 ciuicae),
219 1711 242 1761 1.
261 1707 328 1763 Joa.
348 1709 374 1774 5,
396 1709 419 1761 8.
455 1705 489 1773 [4.
508 1705 585 1759 Nihil
602 1705 693 1760 tritius
712 1707 787 1775 apud
805 1713 899 1775 patres
919 1707 961 1775 sit,
1026 1744 1029 1749 -

74 1797 137 1837 uam
155 1782 328 1832 sacramenta
344 1773 486 1845 appellare
504 1773 681 1854 sigilla,.sive
700 1774 850 1844 signacula.
880 1775 961 1846 Sigil-

74 1866 111 1905 rm
127 1853 221 1902 autem
240 1843 370 1914 obsignat
385 1842 600 1923 promissionem.
633 1843 727 1898 Posito
743 1843 775 1896 E.
793 1843 894 1913 sigillo,
913 1860 962 1912 po·
1069 1846 1071 1857 '

74 1919 128 1973 itur
146 1922 176 1971 et
192 1913 288 1968 divina
303 1911 455 1982 promsssio.
486 1910 557 1965 Sunt
572 1911 646 1965 enim
664 1912 752 1966 relata
768 1917 796 1966 et
808 1913 848 1965 sic
860 1912 960 1980 simul.)
1068 1952 1079 1978 ,

74 2091 81 2107 .
118 2036 181 2115 Qui
195 2044 264 2099 sunt
274 2034 352 2116 fines
367 2044 628 2096 sacramentorum
642 2034 743 2096 minuc
752 2033 964 2117 prinmpclea?

136 2151 245 2222 Variis
287 2153 315 2217 l.
344 2147 428 2215 Sunt
454 2159 603 2212 externae
630 2159 742 2225 notae,
768 2150 884 2234 quibus
906 2173 962 2236 po·

74 2240 148 2305 ulus
169 2236 234 2303 Dei
256 2235 296 2299 ab
319 2234 389 2298 aliis
409 2232 590 2297 hominibus
611 2233 811 2302 discernitur.

138 2324 168 2390 2.
194 2319 277 2387 Sunt
297 2319 455 2403 quaedam
476 2318 568 2401 quasi
582 2319 872 2405 oppignorationes,
893 2319 965 2404 qui-

74 2431 114 2474 us
151 2408 224 2472 Deo
260 2427 319 2469 nos
352 2403 598 2488 obstringimus,
636 2416 668 2468 et
699 2406 828 2469 nomina
855 2417 964 2469 nostra
1034 2434 1038 2441 ⁴

74 2515 176 2643 amui-
193 2575 277 2642 Sunt
312 2554 481 2637 simulacra
501 2572 653 2636 virtutum
675 2574 874 2656 quarundam
898 2573 965 2659 spi·

74 2663 227 2744 itnalium,
249 2659 437 2736 dilectionis,
460 2657 648 2722 concordiae
669 2671 726 2723 etc.

139 2748 169 2812 4.
185 2744 412 2827 Suntdenique
420 2742 508 2807 nervi
519 2742 719 2829 publicorum
727 2765 965 2828 congressuum.

74 2885 108 2952 ,0.
133 2882 234 2964 ¹Qua
262 2891 334 2943 aaut
363 2880 525 2963 requisita,
554 2900 631 2961 quae
659 2881 702 2940 ad
728 2881 965 2963 unumquodque

120 2977 346 3034 sacramentum
361 2965 495 3050 proprie
522 2965 570 3028 ric.
588 2965 700 3109 {ictum
723 2985 899 3027 conaturam

409 3069 526 3112 necesse
547 3058 591 3110 aot

143 3169 171 3232 l.
193 3165 385 3230 Mandatum
407 3164 471 3229 Dei
499 3165 539 3228 de
559 3164 683 3228 actione
711 3162 891 3228 istiusmodi
915 3163 966 3228 in·

74 3252 216 3319 rfituenda
237 3261 269 3315 et
290 3250 324 3313 in
345 3250 479 3315 ecclesia
498 3250 725 3339 perpetuanda.
