2250 3772
161 226 266 316 Caput
286 228 347 295 IV.
387 228 440 292 De
462 219 666 292 sacramentis
687 229 722 293 in
744 251 873 315 genere.
914 234 981 299 479

51 397 225 481 praesenti
245 396 445 462 infirmorum
466 397 608 482 periculo
628 421 799 466 asservare.
848 401 981 466 Interim

52 479 85 544 si
116 494 293 569 temporum
316 493 349 546 et
368 505 474 546 rerum
488 483 660 547 necessitas
676 484 793 570 exigat,
814 484 915 550 libere
930 509 979 574 ea,

54 567 190 633 secluso
217 567 306 632 omni
333 567 566 653 superstitionis
593 569 713 647 abusu,
742 581 807 633 tam
828 571 978 656 privatim

53 670 163 733 quam
182 652 311 740 publice
332 651 501 716 instituunt
522 664 554 717 et
575 654 745 720 celebrant.

139 753 262 819 (Habent
278 753 352 808 enim
368 772 464 824 prore
481 754 599 808 maxime
611 754 682 821 utili,
699 755 749 808 sed
762 759 856 809 tamen
867 755 977 811 indiffe-

55 826 155 899 rqnts,
169 823 289 892 ideoque
308 825 454 892 neminem,
473 839 564 894 neque
576 823 612 877 ob
624 841 713 892 usum,
732 840 821 945 usgue
840 825 875 879 ob
893 826 976 880 inter-

54 891 221 969 missionem
240 892 399 960 eorundem,
417 894 440 945 si
459 901 569 946 caetera
589 893 645 945 sint
661 893 748 962 paria,
783 902 905 963 amnant,
923 911 977 949 nec

55 970 194 1031 culquam
216 961 388 1015 necessitatis
407 962 523 1032 jugum,
552 961 725 1031 carnisprivii
756 963 866 1016 nomine
888 964 977 1032 impo-

56 1036 146 1101 nunt.
160 1032 240 1086 Rom.
258 1033 301 1097 11,
318 1034 424 1099 lseqq.
460 1031 532 1085 Vide
550 1030 596 1083 hic
614 1030 745 1086 Cloemnit.
759 1030 789 1083 in
807 1047 894 1086 exam.
912 1050 976 1087 con·

56 1092 108 1150 ⁴211.
131 1097 251 1153 Trident.
268 1103 340 1169 part.
359 1106 383 1153 4.
404 1115 465 1168 cap.
486 1099 521 1151 de
536 1098 728 1168 jejunio,.tit.
747 1116 818 1169 quae
837 1106 865 1154 et
883 1101 977 1173 qualis

55 1157 91 1213 fit
114 1165 240 1221 docmina
269 1167 472 1237 pontificiorum
501 1168 535 1220 de
558 1167 675 1236 jejunio,
701 1184 766 1238 pag.
786 1176 845 1226 255.
890 1171 975 1225 Adde

57 1228 170 1301 Papae,
187 1236 309 1290 acntboi.
328 1237 495 1290 Heilbrnnn.
516 1242 567 1290 art.
582 1243 606 1291 4.
624 1253 648 1290 c.
671 1244 693 1290 1.
711 1254 738 1306 p.
757 1237 811 1307 87.)

274 1543 541 1610 QUARTUM
574 1543 755 1609 CAPUT.

57 1664 133 1739 DE
156 1675 484 1744 SACRAMENTIS
520 1676 570 1740 IN
586 1749 590 1759 ‚
604 1675 794 1742 GENERE
829 1680 891 1743 ΕΤ
924 1680 977 1745 IN

248 1761 413 1829 SPECIE
443 1763 507 1826 DE
537 1761 788 1828 BAPTISMO.

77 1902 113 1975 1·
156 1912 321 1993 Quodnam
340 1927 384 1978 esi
405 1927 549 2000 quartum
577 1917 733 1979 doctrinae
754 1915 949 1980 cateclreticne

459 1999 573 2082 capnt?

148 2098 390 2165 Sacramentum
410 2099 569 2184 baptismi.

272 2235 301 2303 2.
342 2236 424 2315 Quid
453 2249 523 2300 sunt
545 2233 763 2297 sacramenta?

59 2404 66 2421 ,
132 2337 350 2402 'Sacramenta
371 2350 444 2401 sunt
465 2337 604 2401 actiones
627 2335 778 2399 divinitus
798 2335 975 2414 institutae,

57 2428 89 2469 ¹¹1
115 2422 234 2505 quibus
258 2424 347 2487 Deus
369 2424 428 2486 sub
450 2422 630 2486 visibilibus
656 2420 756 2505 signis
778 2420 973 2485 invisibilem

60 2506 197 2575 gratiam
215 2519 248 2571 et
268 2508 353 2572 bona
372 2507 465 2572 nobis
488 2506 637 2593 obsignat
658 2518 689 2569 et
711 2505 847 2572 exhibet.

131 2608 273 2677 (Definitio
297 2609 367 2663 haec
391 2609 538 2679 desumpta
561 2613 603 2661 est
626 2624 659 2661 ex
681 2606 797 2676 agendis
819 2605 974 2671 Hassiacisr

62 2657 78 2713 l
100 2673 161 2732 ¹57.
192 2677 307 2733 Plenius
327 2688 529 2733 sacramentum
547 2677 586 2730 ita
599 2673 742 2730 definitur:
764 2683 971 2728 sacramentnm

64 2739 97 2783 “i
117 2748 193 2800 actio
211 2764 298 2800 saera
316 2747 451 2800 divinitas
468 2747 612 2810 instituto,
635 2753 766 2797 constans
793 2744 969 2796 centonario

64 2805 84 2849 ἅ
109 2816 358 2869 administratione
384 2817 511 2869 elementi
534 2833 584 2868 sen
600 2813 732 2881 symboli,
759 2829 812 2880 qno
836 2820 975 2880 tanquam

65 2880 153 2937 ”edio
170 2887 251 2939 Deus
265 2885 479 2953 promissionem
503 2883 641 2947 ecunpslii
664 2884 700 2934 de
720 2882 847 2947 protrita
867 2898 974 2949 pecca-

66 2939 153 3005 lfflsm
169 2954 331 3007 remissione
347 2953 467 3023 crispulis
484 2953 620 3005 utentibus
639 2953 733 3019 offert,
751 2949 887 3018 fidelibus
903 2966 969 3002 cero

66 3018 189 3079 “salaai
206 3031 232 3076 et
249 3022 384 3089 obsipnat.
422 3021 573 3075 Definitum
594 3026 635 3074 est
652 3025 854 3072 sacramentum
872 3017 911 3070 sic
930 3017 970 3069 di·

10 3106 12 3137 :
67 3080 141 3160 “ism
156 3091 200 3145 vel
218 3092 395 3159 asserendo,
420 3091 465 3145 vel
483 3107 500 3144 a
517 3088 629 3144 secretis
643 3088 801 3154 virtutibus,
819 3086 863 3139 vel
876 3086 973 3154 sacris,

10 3184 13 3191 ·
67 3154 130 3209 ‘lma
145 3161 194 3213 aab
211 3169 366 3231 tepnmento
386 3160 578 3228 corporalium
595 3174 690 3210 verina
706 3156 794 3209 virtus
813 3155 911 3208 divina
929 3172 971 3208 se-

66 3222 165 3280 “sslt'sa
178 3230 298 3283 salntem
316 3231 466 3282 eorundem
483 3236 722 3280 sacramentorum
739 3231 883 3292 operatur.
916 3222 971 3277 Isi-

66 3276 127 3346 ior,
144 3294 226 3355 libs.
242 3306 327 3369 etym.
348 3314 371 3353 c.
387 3305 426 3354 19.
444 3314 472 3366 p.
483 3303 524 3354 52.
536 3297 571 3350 A.
594 3295 677 3352 Unde
690 3295 848 3362 Anqnstino
867 3308 974 3346 sacrae
