2250 3772
112 256 176 321 566
282 251 388 340 Caput
409 256 451 321 V.
495 256 548 320 De
566 206 670 320 coena
692 257 863 326 dominica

112 424 306 492 naturalibus,
331 430 358 476 et
377 422 437 475 arti
454 425 489 476 de
509 426 593 478 radas
609 426 827 495 artificialibus,
851 430 914 482 Deo
932 434 1002 480 autea

112 512 171 547 aaa
189 494 305 545 credere
326 495 361 545 da
381 492 504 545 divinis?
530 493 654 547 Divinae
674 496 829 549 autort'tati
850 505 878 550 ct
895 495 1006 565 poscat

31 618 35 625 ‚
112 561 185 615 aasz
208 570 249 613 cst
272 561 489 629 immaduerant.
529 563 637 619 Jusa‘n.
663 564 694 617 in
714 580 790 634 resp.
816 564 960 619 christian.
981 562 1006 617 ud

113 631 219 684 confut.
243 629 372 684 Graecor.
390 646 436 699 qu.
459 636 498 685 15.
515 637 535 684 t.
558 638 578 685 l.
598 649 626 701 p.
647 637 705 687 214.
725 631 758 689 C.
798 633 858 690 Ubi
875 651 931 689 non
945 649 1006 704 trgu-

113 707 270 754 meutamur
294 715 311 751 a
332 702 468 768 potestate
492 699 633 761 absoluta,
665 701 716 756 sed
739 718 808 756 cum
832 699 1009 758 voluntetcin

113 766 200 821 verbo
219 766 311 821 divino
328 766 451 821 revelata
470 769 639 837 conjuncta.)

197 870 226 934 3.
250 867 337 949 Quia
364 891 465 934 coena
491 870 651 936 dominica
674 894 740 937 non
772 886 823 937 est
851 874 1011 939 futurorum

111 953 286 1031 bonorum,
315 977 421 1040 neque
442 956 627 1021 umbrarum
651 958 717 1023 sive
746 958 1012 1058 significationum,

113 1039 171 1103 scd
191 1039 289 1102 habet
302 1039 414 1138 ipsum·
423 1061 549 1126 corpus,
569 1042 672 1127 ipsam
686 1043 916 1123 substantmm
930 1044 1012 1131 ipsun

113 1145 296 1209 expressam
318 1147 500 1210 1mag1nem.

180 1239 256 1307 (Vid.
274 1259 334 1310 sup.
355 1242 390 1296 dc
410 1242 568 1297 discrimine
585 1243 650 1299 vet
668 1249 696 1297 et
713 1242 788 1299 Nov.
808 1244 890 1301 Test.
921 1242 1011 1301 cone

14 1308 22 1319 “
113 1311 219 1364 Colore.
238 1313 273 1376 2,
293 1314 341 1378 17,·
366 1312 453 1363 Helm
474 1315 523 1381 10,
543 1317 567 1365 1.
611 1310 657 1365 Ad
704 1313 763 1367 uod
794 1313 948 1369 discrimen
967 1313 1012 1383 ipse

111 1379 237 1433 Christus
259 1378 377 1449 digitum
390 1379 518 1444 intendit,
538 1381 679 1450 inquiens:
718 1381 744 1434 ic
761 1388 807 1436 est
818 1399 871 1437 san
916 1384 937 1436 's
952 1397 1011 1437 meus

110 1450 181 1501 Nou.
202 1450 323 1500 Tectam.
344 1448 439 1502 Marc.
458 1452 500 1516 14,
521 1455 570 1513 24,
587 1466 644 1503 non
660 1448 816 1504 vitulorum
834 1457 866 1506 ct
905 1453 910 1463 '

130 1516 159 1569 ui
176 1516 240 1570 Vet.
258 1514 382 1572 Testam.
410 1518 459 1573 sed
488 1520 518 1571 in
544 1535 603 1571 mco
630 1519 785 1587 sanquine,
814 1523 884 1574 Luc.
909 1524 960 1588 22,
976 1522 1011 1573 26.

109 1534 293 1655 hlasphemus
313 1590 356 1638 est
375 1588 452 1639 Bosa
470 1604 544 1656 supr.
558 1592 600 1641 22.
618 1603 642 1640 c.
662 1585 766 1655 Lucae,
789 1588 840 1659 qui
858 1588 906 1643 hic
922 1590 953 1645 B:
968 1586 1010 1641 Lu·

110 1670 173 1708 cam
191 1658 219 1707 et
237 1653 277 1706 sic
293 1659 495 1725 consequenter
512 1655 520 1708 i
542 1672 603 1708 sum
617 1654 750 1724 Spiritum
763 1675 787 1711 s.
808 1656 963 1713 soloecismi
977 1672 1009 1709 cr·

110 1723 181 1793 guit.
211 1722 285 1777 Vide
302 1720 336 1777 N.
357 1723 389 1778 Τ.
410 1723 475 1777 edit.
526 1723 596 1776 einr.
611 1723 706 1792 Staph.
725 1741 801 1778 anno
821 1731 900 1782 1565.
916 1744 943 1797 p.
955 1725 1009 1787 ³³8.)

194 1827 224 1891 4.
254 1823 341 1905 Quia
369 1826 460 1911 panis
491 1849 598 1891 sacrae
628 1849 747 1892 coenae
778 1839 828 1892 est
861 1824 1008 1902 κοινωνία,

109 1912 176 1976 sive
198 1911 443 1975 communicatio
467 1911 609 1998 corporis
634 1912 770 1989 Christi,
795 1924 827 1977 et
850 1914 958 1978 vinum
972 1922 1009 1975 est

108 1997 280 2079 κοινωνία,
319 1996 385 2060 sive
417 1996 662 2061 communicatio
694 1998 863 2082 sanguinis
898 1996 1008 2071 Christi,

112 2083 139 2144 1.
159 2083 227 2146 Cor.
246 2082 360 2157 10,16.
398 2082 538 2145 Necesse
558 2084 598 2146 Ε.
621 2094 678 2158 est,
700 2094 789 2146 recta
811 2083 938 2149 ratione
953 2104 1007 2147 cor-

109 2189 169 2250 pus
195 2165 281 2249 pani,
307 2180 339 2229 ct
363 2167 553 2252 sanguinem
574 2166 648 2231 vino
674 2167 763 2230 unita
789 2179 822 2232 et
846 2166 1008 2255 praesentit

107 2273 186 2315 esse.

192 2334 222 2398 5.
246 2333 333 2413 Quia
355 2335 592 2399 sacramentalis
620 2336 762 2422 corporis
787 2335 911 2402 Christi
936 2357 1007 2402 man·

108 2419 235 2483 ducatio
257 2433 304 2484 est
324 2420 441 2505 pignus
457 2431 488 2485 et
502 2420 720 2485 testimonium
739 2422 905 2506 gratiosae
926 2421 1006 2509 ipsius

106 2504 306 2590 praesentiae
337 2517 369 2568 et
394 2505 633 2569 inhabitationis
659 2506 693 2568 in
714 2506 820 2570 nobis.
866 2508 1005 2573 Praesens

107 2592 146 2654 Ε.
169 2590 310 2675 idipsum
331 2589 372 2653 sit
393 2613 523 2654 necesse
539 2601 595 2676 est,
619 2589 764 2675 alioquin
777 2604 898 2657 natura
911 2594 1007 2680 pigno

106 2675 150 2738 ris
173 2687 204 2738 et
227 2674 298 2737 finis
323 2675 487 2759 proximus
509 2675 636 2760 periret

191 2779 221 2841 6.
251 2773 338 2855 Quia
359 2777 601 2861 impoenitentes
624 2777 690 2841 sive
711 2777 873 2842 increduli
895 2778 1007 2862 indigne

105 2861 188 2943 (sine
210 2861 287 2944 fide)
308 2862 529 2926 manducando
553 2873 585 2926 et
605 2861 747 2926 bibendo
764 2863 847 2926 fiunt
861 2864 910 2928 rei
925 2862 1007 3013 igino

106 2947 248 3031 corporis
269 2957 300 3009 et
319 2947 486 3030 sanguinis
504 2946 633 3023 Christi,
659 2949 686 3012 1.
705 2947 775 3009 Cor.
796 2950 849 3024 11,
862 2950 916 3017 27.
981 2968 1008 3008 n·

106 3054 243 3114 sequens
263 3032 302 3097 E.
326 3046 384 3106 est,
407 3054 523 3116 corpus
545 3044 576 3095 et
598 3032 788 3117 sanguinem
808 3031 930 3098 Christi
950 3049 1008 3097 vert

106 3117 146 3179 ab
169 3116 283 3179 iisdem
303 3117 488 3180 manducari
511 3128 542 3180 et
565 3116 642 3179 bibi.

190 3211 218 3274 7.
243 3206 329 3288 Quia
351 3209 490 3292 denique
504 3211 573 3295 ipse
589 3232 647 3272 san
671 3209 719 3272 uis
737 3207 873 3288 Christi,
895 3211 950 3296 qni
962 3228 1007 3295 pro

104 3292 196 3356 nobis
219 3293 339 3357 effusus
362 3314 418 3379 est,
441 3295 475 3358 in
494 3317 595 3359 coena
614 3316 653 3358 ex
678 3294 794 3372 'betur,
816 3298 896 3363 Lac.
908 3297 957 3373 22,
966 3292 1008 3365 20,
