2250 3772
390 233 443 299 De
466 254 566 299 coena
586 230 754 296 dominica.
964 230 1029 297 529

112 402 210 457 adhuc
226 400 309 456 hodie
332 401 362 455 in
386 400 553 472 quibusdam
578 399 646 475 Iopis
670 414 729 452 mos
753 397 800 453 ille
820 397 968 465 retinetur,
996 402 1029 452 ut

112 468 353 527 communicantes
388 469 500 524 ecunias
511 468 540 523 iu
552 484 648 522 mensa
659 466 796 522 dominica
808 465 934 535 offerant,
955 481 1028 547 quae

111 539 159 597 vel
177 537 310 594 ministris
334 487 386 594 vei
402 538 572 609 pauperibus
589 537 698 591 cedant.
736 535 814 600 Quae
840 535 926 616 veteri
943 541 1027 615 elnam

112 606 545 731 minssffippenmmhoeme’·
559 605 720 673 oblationes,
741 604 843 726 oglatis,
857 603 941 675 1dque
955 603 1026 670 ideo,

109 693 190 801 tt
211 749 241 800 a
257 676 364 799 itti
380 675 649 813 titittt'ttttt
661 678 851 822 irii‘ineiiii
862 673 1027 822 isitii

111 812 202 871 otiam
220 813 375 884 portatiles,
390 813 598 883 appellarentur
614 812 721 880 altana,
742 817 770 865 et
782 827 868 865 coena
881 810 1026 876 dominica,

109 888 318 937 sacramentum
343 881 452 949 altaris,
478 882 616 963 quomodo
638 898 695 934 uon
717 880 756 932 D.
780 879 921 932 Lctherus
943 876 1026 946 solus,
1117 888 1122 909 ¹

110 950 165 1007 sed
183 957 212 1006 et
229 950 289 1021 ipse
307 952 347 1004 D.
364 951 555 1020 Aequanum,
580 950 665 1020 idque
680 965 731 1019 per
749 946 921 1002 catachresin
941 952 1027 1001 meta·

110 1018 258 1093 photinam
274 1017 406 1074 nominat.
425 1019 473 1074 lib.
489 1025 530 1076 10.
543 1018 578 1074 de
590 1014 669 1074 c.1)·.
688 1033 712 1072 o.
724 1022 748 1074 6.
767 1021 787 1072 t.
803 1024 827 1072 5.
848 1017 899 1072 col.
911 1022 970 1072 546.
984 1013 1026 1087 O.)

110 1157 143 1221 4
180 1154 272 1235 Quod
294 1159 323 1221 ai
342 1180 452 1221 mensa
477 1159 556 1221 idem
578 1168 622 1220 est
643 1154 731 1238 quod
751 1153 865 1230 altare,
887 1177 942 1218 cur
962 1178 1026 1218 non

110 1245 158 1307 ad
183 1242 302 1307 Christi
320 1243 418 1327 ἱρεὶιιε
433 1242 603 1327 exemplum
617 1263 721 1304 omma
739 1241 847 1323 potius
862 1241 895 1301 io
910 1241 1026 1306 aetiooe

217 1348 326 1391 coenae
348 1329 518 1392 dominicae
539 1327 665 1400 utimur,
688 1347 781 1407 quam
803 1321 921 1387 altari?

177 1441 328 1542 ‘Liberum
364 1446 485 1528 quidem
517 1455 561 1506 est
591 1454 770 1540 etaerupem
811 1439 887 1525 quie
918 1451 1025 1505 tamen

109 1525 261 1594 Christus
286 1549 346 1592 uec
368 1528 395 1592 1.
417 1527 570 1592 altaribus
591 1525 759 1591 interdicit.

199 1626 270 1693 Nec
290 1630 320 1697 2.
340 1651 435 1694 usum
458 1651 587 1693 mensae
608 1627 734 1714 ligneae
755 1623 924 1712 praecepit.

199 1728 270 1793 Nec
290 1729 387 1794 etiam
408 1733 437 1797 3.
458 1754 500 1794 an
522 1742 639 1814 etqua
659 1752 786 1804 mensa,
812 1726 961 1811 ligneane
983 1746 1025 1789 an

107 1813 242 1899 lapidea
262 1812 408 1879 Christus
429 1838 517 1892 usus,
538 1814 704 1963 Scriptura
723 1813 848 1897 uspiam
862 1809 1007 1874 meminit
1013 1832 1022 1884 3

111 1918 174 1963 nos
204 1897 335 1983 quidem
362 1900 481 1965 mensis
507 1899 577 1965 istis
619 1898 757 1986 apideis‚
784 1897 919 1960 formam
942 1893 1024 1957 dun-

108 1992 202 2049 taxat
228 1983 377 2049 altarium
409 1997 573 2050 externam
605 1979 932 2070 repraesentantibus,
962 1999 1022 2065 pro

108 2066 261 2135 libertate
283 2068 454 2134 christiana
475 2071 603 2137 utimur.

185 2183 260 2251 (Non
276 2184 349 2239 enim
367 2185 411 2239 vel
428 2184 534 2266 lapides
554 2184 599 2239 vel
616 2183 706 2254 figura
725 2187 838 2238 externa
855 2181 944 2235 altare
960 2196 1023 2251 prog

132 2252 176 2307 rio
193 2252 233 2307 sic
252 2252 358 2307 dictum
375 2256 563 2322 constituunt,
579 2253 628 2308 sed
647 2253 714 2306 ordo
735 2252 872 2305 duntaxat
886 2250 922 2304 ad
940 2248 1023 2304 sacri-

78 2336 82 2343 '
107 2270 194 2390 icis,
213 2320 262 2392 qui
278 2328 321 2378 est
337 2322 433 2376 altaris
449 2321 573 2377 formale.
605 2321 693 2377 Nobis
716 2335 796 2392 ergo,
820 2320 868 2391 qui
886 2317 1023 2373 sacrificia

108 2389 225 2461 proprie
242 2389 318 2445 dicta
334 2390 412 2445 nulia
428 2390 570 2458 habemus,
587 2391 675 2445 altare
691 2390 766 2443 idem
778 2394 821 2444 est
833 2388 907 2460 quod
919 2404 1022 2456 mensa,

108 2462 142 2515 ot
165 2474 262 2513 mensa
284 2459 358 2515 idem
382 2459 457 2531 quod
480 2459 580 2528 altare3
606 2475 678 2531 quae
705 2458 805 2512 altaria
828 2475 895 2511 num
918 2456 1022 2527 lignea,

107 2544 181 2583 num
197 2525 322 2599 lapidea,
340 2545 407 2581 num
424 2526 493 2596 fixa,
511 2545 578 2581 uum
595 2527 709 2582 mobilia
726 2527 782 2581 sint
820 2542 887 2579 num
903 2525 1022 2579 formam

109 2611 228 2651 mensas
241 2597 401 2664 communis,
418 2614 486 2650 num
497 2597 592 2651 altaris
604 2595 734 2665 habeant,
752 2567 832 2649 noiris
843 2592 957 2664 perinde
969 2599 1020 2649 est.

107 2666 227 2721 Mare
250 2664 337 2737 igitur
358 2664 535 2732 calviniani,
561 2665 609 2737 qui
637 2664 737 2719 altaria
760 2665 797 2717 sd
821 2679 907 2717 unum
930 2661 1023 2716 omnia

108 2732 269 2815 desumunt,
287 2734 484 2817 comminuunt²
503 2740 531 2788 et
548 2751 564 2815 e
581 2734 692 2803 templis
709 2731 920 2787 reformaturum
932 2731 1021 2813 eccle·

106 2801 719 2939 ffitmutttttttttt‘tttt
735 2800 893 2939 iiiiii
904 2814 1022 2949 titt:

107 2943 212 2996 uere.
231 2956 259 3011 p.
280 2944 311 2995 12
330 2957 344 2993 s
382 2981 388 2995 .
426 2940 479 2994 Nil
499 2941 597 3007 obstat,
616 2939 691 3021 quod
706 2938 857 3010 proferunt
880 2944 902 2993 1.
920 2936 1021 2990 altaria

106 3022 129 3065 a
147 3006 291 3078 sylvestro
309 3025 366 3079 pon
379 3007 442 3065 iiico
458 3025 571 3063 romano
594 3024 715 3079 primum
737 3007 773 3062 ob
795 3005 894 3061 missae
918 3004 1020 3059 sacrifi·

106 3074 187 3133 cium
204 3074 371 3132 introducta
402 3076 469 3133 vid.
486 3078 590 3132 Naum.
609 3076 655 3130 all.
674 3094 701 3147 p.
726 3082 764 3131 17.
797 3075 838 3130 At
855 3072 960 3130 elench.
978 3079 1021 3128 est

106 3142 245 3201 testimon
279 3160 342 3200 cum
360 3147 442 3227 longe
461 3153 537 3209 ante,
561 3145 611 3199 ubi
629 3162 682 3200 uec
699 3144 841 3215 Sylvestcr
857 3159 946 3214 papa,
968 3159 1020 3197 uec

106 3214 214 3295 minse
229 3184 335 3270 idolum
352 3214 382 3269 u
398 3214 469 3269 uvi·
487 3219 560 3278 erat,
583 3230 692 3269 mensas
715 3229 808 3267 sacras
826 3211 915 3268 dieo.
932 3211 1020 3267 surse

105 3282 221 3352 attam
237 3288 348 3341 comat
365 3299 400 3340 ex
418 3284 540 3357 criasus
557 3282 650 3341 nonu
669 3289 694 3339 a.
710 3288 738 3338 et
759 3289 799 3339 11.
816 3281 847 3337 in
861 3281 944 3340 Nun
960 3289 981 3337 t.
997 3288 1022 3339 1.
