2250 3772
104 259 170 325 534
278 256 385 345 caput
405 260 447 326 V.
490 259 543 323 De
565 280 666 323 coena
684 256 857 324 dominica

106 425 179 491 DE
208 425 391 505 CAUSA
420 426 768 494 EFFICIENTE
796 422 1018 493 connis·

344 564 353 577 .
391 511 728 580 DOMINICAE.

105 644 136 710 9.
161 642 296 721 Quinam
317 660 361 711 est
381 660 471 712 autor
487 661 514 710 et
531 650 687 712 institutor
702 671 814 713 coenae
829 644 1012 713 dousiuicati

116 792 121 800 ,
192 753 321 820 Primus
343 768 375 820 et
394 780 536 822 summus
558 768 651 822 autor
667 770 716 821 est
730 757 895 821 Dominus
913 767 1012 821 noster

103 836 204 936 Jesus
226 838 372 905 Chiistus
403 836 631 925 θεάνθρωπυς
651 842 744 906 Deus
772 842 888 928 homo,
915 863 1011 917 verax,

105 943 243 1008 sap1ens,
265 936 297 988 et
318 926 530 1011 omnipotens,
551 927 665 990 Mauo.
681 927 735 1004 26,
756 928 810 994 26.

162 1039 258 1121 ⁸(Diuo
283 1047 304 1097 l.
329 1043 366 1096 ad
392 1043 633 1096 demonstrandum
656 1041 822 1098 institutoris
848 1041 934 1123 hujus
958 1056 1024 1095 oue·x

106 1105 184 1190 lestis
207 1109 330 1164 d1vinam
353 1112 529 1166 autoritatem
554 1118 582 1166 et
603 1111 669 1166 fidei
692 1118 805 1165 nostrae
826 1109 1010 1165 certitudinem

103 1177 296 1244 θεανδρωπος,
314 1182 395 1233 Deus
406 1181 496 1234 homo.
522 1179 556 1233 E.
569 1186 772 1234 sacramentum
783 1178 838 1233 hos
850 1178 959 1233 divinae
974 1181 1011 1231 ast

105 1246 271 1302 autoritatis.
305 1248 387 1304 Solus
405 1248 478 1303 enim
497 1248 575 1302 Deus
590 1247 711 1303 instituit
728 1254 913 1302 sacramenta.
944 1245 1010 1300 aa

107 1318 182 1369 totus
200 1314 328 1371 Christus
346 1317 499 1371 seeundum
517 1323 664 1388 utramque
681 1324 810 1371 naturam
828 1332 897 1370 vere
912 1320 941 1369 et
954 1311 1009 1368 sul)-

110 1383 278 1464 stantialiter
295 1386 385 1440 eidem
403 1402 542 1455 praesens.
572 1385 715 1439 Absonum
734 1385 808 1439 enim
826 1383 947 1438 convivii
962 1382 1010 1437 Ds-

106 1468 211 1507 minum
231 1471 248 1509 a
267 1454 389 1508 convivis
407 1455 513 1508 abesse.
547 1453 620 1507 Diuo
640 1461 664 1508 2.
689 1453 794 1521 Veram,
819 1452 877 1507 imo
898 1452 958 1522 ipsa
970 1465 1009 1504 ve·

108 1520 189 1590 ritas,
212 1524 279 1580 Jot.
299 1527 345 1587 14,
365 1526 391 1577 6.
426 1523 461 1580 Ε.
479 1523 614 1595 quiequid
631 1521 660 1575 in
681 1521 859 1576 institutione
875 1519 958 1591 hujus
972 1534 1009 1573 ss·

108 1591 242 1646 eramenti
258 1592 391 1661 habetur,
418 1591 478 1647 sine
502 1592 562 1646 ulla
583 1589 758 1645 dubitatione
777 1595 820 1645 est
837 1589 1008 1644 veiissimnm

109 1656 181 1713 Dico
206 1666 231 1717 3.
255 1660 386 1730 sapiens,
407 1659 437 1713 in
462 1675 519 1730 quo
541 1675 635 1714 omnes
659 1657 784 1714 thesauri
801 1657 955 1728 sapientise
968 1654 1009 1709 ab·

108 1728 240 1796 sconditi,
259 1728 319 1784 Oui.
340 1732 373 1795 2,
391 1733 424 1797 3,
451 1730 531 1798 eujus
556 1727 711 1798 sapientiae
733 1743 791 1780 non
814 1732 859 1781 est
882 1738 1008 1788 numm

107 1797 187 1852 Paul.
206 1803 265 1866 147,
284 1804 310 1852 t.
338 1797 372 1851 Ε.
392 1797 467 1851 mille
485 1798 563 1851 novit
579 1797 700 1850 rationes
718 1794 876 1866 complendi
893 1808 1010 1865 praesen·

108 1865 165 1921 tiae
180 1885 247 1923 suae
261 1867 291 1920 in
301 1867 354 1920 hoe
371 1872 542 1919 sacramento
556 1864 772 1936 promissionem.
808 1863 882 1917 Dico
898 1870 922 1918 4.
934 1859 1008 1916 susi

104 1944 222 2003 potens,
248 1936 294 1990 aui
320 1935 408 1990 omnis
435 1940 557 2003 potestas
587 1934 653 1987 data
680 1933 710 1985 in
732 1931 808 1986 coelo
831 1938 861 1986 et
885 1931 915 1985 in
935 1937 1018 1994 terra·

111 2004 214 2058 Mutii.
235 2008 277 2072 28,
298 2008 344 2071 18,
370 2003 415 2057 eui
432 2020 487 2056 non
502 2002 672 2071 impossibile
689 2000 806 2055 verbum
825 2000 931 2067 ullum,
950 2001 1008 2051 sse.

113 2076 190 2139 1,37.
216 2073 249 2127 E.
267 2073 358 2194 τείχεα
375 2072 458 2126 etiam
471 2070 625 2141 quodvult,
645 2068 773 2136 instituit,
791 2070 927 2137 promisit,
942 2080 1009 2136 prse-

111 2141 203 2195 stabit.
242 2142 300 2195 Σύν
320 2158 410 2210 <maon
426 2141 480 2211 γὰρ
501 2142 555 2208 ἔχει.
570 2138 695 2204 βουλήσει
720 2139 771 2204 τὴν
796 2137 934 2203 δύναμιν,
955 2150 1009 2189 oon·

111 2218 268 2262 currentem
286 2210 359 2262 euim
375 2208 458 2262 tabu
474 2208 615 2262 uoluntati
624 2207 763 2260 virtutem.
785 2208 953 2258 Damusaea.
965 2203 1008 2256 li

111 2276 252 2332 orthodox.
271 2277 317 2331 fid.
337 2294 399 2348 eap.
418 2282 457 2331 28.
476 2294 503 2346 p.
519 2282 577 2331 ³96.
604 2275 676 2341 Sive,
692 2275 821 2328 voluntas
838 2275 901 2343 ejus
916 2278 957 2328 est
957 2285 1012 2395 (ff

111 2351 206 2399 testas.
242 2346 349 2410 Quibus
373 2346 460 2415 probe
486 2344 639 2400 observatis
663 2344 755 2397 omnia
778 2348 943 2412 argumenta

112 2415 284 2469 vinianorum
303 2414 419 2468 refutari
457 2421 568 2482 ossunt,
591 2413 711 2485 quaein
733 2412 787 2465 hac
808 2411 1012 2480 quidamque

111 2485 200 2538 stione
227 2484 263 2537 de
288 2433 511 2552 impossibiiitate
537 2481 708 2551 praesentiae
731 2479 833 2534 Christi
861 2496 878 2532 a
904 2474 1011 2558 surpuit

112 2551 229 2622 imitate,
242 2552 398 2606 circumseri
420 2552 503 2615 tione,
522 2550 665 2621 qualitate,
679 2549 828 2615 localitate,
843 2549 1012 2609 dimensione,

114 2621 230 2692 aliisque
258 2569 451 2676 affectioniius
479 2618 652 2672 naturalibus
688 2632 816 2686 operose,
847 2616 899 2671 sed
930 2623 1013 2689 umes

114 2691 320 2760 ἀσυλλογίστως
336 2694 458 2743 nectunt.
495 2687 626 2752 Quaestio
648 2686 785 2756 siquidem
806 2689 850 2739 est
868 2684 903 2739 de
922 2681 1014 2739 clusa

113 2759 268 2826 voluntate,
293 2776 328 2812 un
346 2758 412 2811 velit
429 2774 528 2826 corpus
548 2774 628 2809 suum
651 2753 877 2808 manducandum
896 2750 1015 2808 exhibea

115 2833 167 2882 eta.
196 2829 242 2883 Ab
260 2829 313 2882 hae
331 2833 475 2907 transeunt
493 2825 539 2905 isti
550 2825 593 2906 ,ad
611 2822 877 2902 impossibilitatem:
894 2820 1013 2901 fierinou

114 2895 616 3031 litullvltllttlltltt
630 2889 1015 3028 illullttlttf‘allt

114 3036 175 3087 Dei
186 3036 337 3104 promisais
355 3033 437 3085 uuila
450 3040 490 3084 eet
500 3031 633 3099 falsitas,
655 3029 722 3098 quia
736 3029 766 3080 iu
776 3027 930 3094 faciendis
942 3022 1016 3077 nous

115 3111 155 3156 eat
174 3103 357 3172 omnipotenti
378 3101 545 3171 difficultas.
584 3100 624 3151 Et
642 3105 800 3166 propterea
822 3095 864 3147 iti
885 3106 1015 3162 uunquam

116 3174 195 3225 deest
216 3171 370 3226 voluntatis
395 3173 520 3241 effectus,
548 3167 616 3249 quia
638 3167 769 3220 voluutas
785 3165 852 3233 ipsa
869 3181 926 3218 oon
942 3157 1017 3237 alisii

115 3241 256 3294 iuvenitur
277 3257 360 3310 quum
377 3241 467 3292 virtue
471 3259 482 3306 ,·
504 3236 640 3305 quioquid
655 3242 749 3286 uatem
768 3233 838 3301 uait,
851 3239 958 3301 potest,
973 3240 1016 3297 qut

117 3317 250 3380 quantum
272 3310 333 3364 vult
355 3314 464 3360 tantum
480 3312 582 3376 potest.
624 3303 699 3364 Quia
722 3303 770 3355 eui
791 3318 903 3371 semper
925 3298 1015 3361 subm
