2250 3772
154 258 234 303 xxu
343 239 506 306 Praefatio
528 240 670 306 facultat.
692 240 788 308 theol.
811 239 917 309 Giess.

155 431 226 473 esse
256 406 437 486 Christum,
469 431 606 493 eumque
637 432 738 474 unum
762 411 876 475 redem
901 421 1004 475 torem
1037 421 1073 477 et

154 493 363 559 mediatorem
384 495 468 559 inter
483 495 592 559 Deum
612 506 644 559 et
663 495 816 560 homines.
859 433 1070 561 diorum

155 582 321 656 dominica,
342 592 433 665 parte
453 580 556 656 tertia,
578 602 652 644 eum
673 580 887 645 invocandum
907 602 986 666 esse,
1010 580 1069 664 qui

156 664 695 748 nosnovit,adeoquePaternoster
705 676 763 743 est,
774 666 914 743 Erato,
924 667 973 750 16,
983 688 1071 741 eum,

155 748 212 833 qui
232 749 315 812 hanc
332 750 484 815 orationis
497 750 613 849 legem,
635 761 671 813 ut
689 751 894 815 Tertullianus
914 751 1072 834 loquitur,
1115 806 1119 812 .

154 834 377 921 praescripsit,
407 845 440 899 et
460 835 580 900 nulhus
601 834 709 920 augeli
728 848 784 899 aut
806 835 908 900 sancti
928 835 1071 901 hominis

154 919 351 983 mentionem
371 919 463 997 fecit,
485 942 559 984 eum
580 919 727 1003 inquam,
753 920 844 1003 cujus
865 931 913 984 est
931 943 1071 1006 regnum

156 1015 189 1068 et
210 1005 354 1089 potentia
373 1017 406 1069 et
426 1005 530 1090 gloria
550 1005 585 1069 in
602 1005 782 1069 seculorum
803 1005 919 1072 secula.
955 1008 1071 1072 Sama-

155 1102 290 1152 mcutum
314 1093 463 1174 baptismi
482 1090 570 1174 quod
592 1089 720 1167 attinet,
746 1090 807 1154 fuit
835 1090 965 1175 quidem
986 1090 1071 1154 illud

155 1173 251 1237 variis
282 1174 452 1252 abusibus,
479 1175 758 1260 superstitionibus
787 1184 820 1240 et
840 1175 1070 1240 traditionibus

155 1258 302 1323 humanis
335 1259 601 1336 contaminatum
634 1260 773 1324 essentia
807 1271 915 1325 tamen
940 1260 1072 1345 integra

155 1343 201 1407 ita
226 1345 356 1428 mansit,
387 1358 421 1409 ut
446 1345 602 1431 baptizati
629 1368 649 1409 a
668 1345 840 1431 pontificiis
861 1368 1027 1429 nunquam
1048 1368 1072 1409 a

154 1429 350 1493 nostratibus
390 1429 508 1494 fuerint
543 1429 749 1516 rebaptizati,
786 1452 890 1530 neque
924 1452 1068 1494 asserere

155 1513 309 1577 audemus
337 1513 469 1580 effectus
498 1516 642 1599 ejusdem
668 1516 704 1579 in
733 1515 909 1579 infantibus
938 1513 1072 1581 Christo

155 1598 301 1663 adductis
333 1598 432 1664 fuisse
468 1599 665 1664 frustraneos
694 1611 726 1664 et
754 1600 869 1665 irritos.
913 1600 1000 1664 Nam
1025 1600 1071 1663 ab

154 1684 300 1768 apostolo
329 1684 508 1772 baptismus
533 1685 696 1750 lavacrum
728 1685 908 1772 appellatur
933 1707 1073 1769 regene-

154 1769 286 1833 rationis
307 1781 339 1833 et
354 1770 569 1834 renovationis
583 1770 618 1834 in
632 1767 755 1856 Spiritu
774 1782 894 1847 sancto,
918 1772 977 1833 Tit.
989 1771 1019 1853 3,
1036 1771 1072 1836 ὃ.

153 1855 343 1919 Horrendos
356 1856 475 1919 abusus
486 1878 597 1919 coenae
612 1858 782 1920 dominicae
797 1876 963 1919 recensere
976 1854 1070 1940 piget

153 1950 185 2004 et
206 1939 358 2025 poenitet.
401 1940 606 2005 Taxaverunt
633 1951 741 2004 tamen
762 1940 892 2005 eosdem
913 1951 987 2004 ante
1008 1963 1073 2004 an-

35 2030 39 2039 '
153 2046 213 2089 nos
235 2048 300 2089 non
321 2025 368 2088 ita
387 2025 505 2090 multos
525 2024 667 2091 veritatis
696 2024 797 2090 divini
818 2025 942 2109 aliquot
962 2046 1069 2089 asser·

152 2120 256 2185 tores,
283 2110 386 2174 donec
411 2110 540 2174 tandem
574 2110 752 2175 orthodoxa
787 2110 946 2175 confessio
975 2109 1072 2194 quasi

152 2194 350 2278 postliminio
382 2198 528 2279 auspiciis
549 2197 594 2260 D.
624 2195 758 2259 Luthcri
787 2195 822 2258 in
854 2195 1004 2260 ecclesias
1037 2206 1071 2259 et

154 2278 279 2342 scholas
301 2279 520 2363 reduceretur,
549 2301 570 2343 a
597 2278 753 2343 fermento
775 2280 933 2366 papistieo
955 2301 1071 2365 repur-

153 2375 300 2449 garetur,
337 2374 370 2428 et
405 2362 439 2426 in
461 2363 641 2428 catechesin
668 2374 821 2446 tanquam
846 2365 881 2429 in
907 2365 1072 2450 epitomen

154 2448 382 2534 compendiose
406 2448 614 2534 redigeretur.
658 2445 766 2528 Quam
791 2450 971 2515 catechesiu
999 2472 1072 2514 me·

154 2533 215 2598 rito
237 2555 296 2598 suo
313 2559 419 2619 parva
441 2536 577 2598 biblica
600 2532 786 2618 pellaveris,
811 2557 877 2600 non
900 2557 939 2600 eo
961 2557 1069 2620 sensu,

155 2641 250 2702 quem
280 2618 373 2682 nobis
401 2617 561 2704 affingunt
577 2557 738 2686 iohannis
760 2619 887 2685 Caluini
908 2620 988 2685 disci
1011 2619 1071 2698 uli,

154 2704 247 2788 quasi
273 2726 344 2768 eam
373 2701 550 2788 Scripturis
579 2704 773 2791 propheticis
802 2718 857 2769 aut
884 2643 1070 2790 apostoiicis

152 2790 370 2875 praeferamus
392 2802 448 2852 aut
479 2788 741 2874 aequiparemus,
770 2789 829 2854 sed
856 2791 933 2873 quia
960 2789 1069 2854 brevis

153 2897 278 2939 summa
307 2886 356 2938 est
384 2873 547 2938 doctrinae
573 2874 778 2959 propheticae
807 2886 839 2939 et
862 2874 1070 2961 apostolicae,

152 2972 190 3022 ut
228 2982 269 3024 ex
304 2957 489 3023 inductione
522 2959 665 3023 omnium
695 2961 765 3042 ejus
800 2959 940 3045 partium
969 2970 1069 3045 patet.

154 3041 230 3124 Qua
265 3043 305 3108 de
327 3065 424 3108 causa
450 3043 506 3108 illa
534 3055 688 3127 tanquam
710 3043 977 3128 pretiosissimum
997 3067 1068 3110 κει-

152 3128 273 3213 μήλιον
302 3129 450 3192 omnibus
483 3129 546 3212 piis
574 3140 624 3193 est
645 3130 882 3207 commendata,
908 3140 945 3194 ut
965 3128 1007 3192 ‘in
1028 3149 1070 3193 es

153 3233 224 3276 sese
246 3224 416 3278 exerceant
437 3236 546 3290 senes,
581 3215 716 3279 eandem
737 3215 879 3280 studiose
900 3213 1071 3279 addiscant

147 3297 294 3381 juvenes,
304 3299 399 3382 juxta
412 3308 619 3385 praeceptum
629 3299 855 3387 apostolicumz
869 3296 1071 3365 sicutmodo
