2250 3772
447 293 622 383 Scriptura
967 301 1009 366 21

192 456 231 525 n
256 463 287 527 2.
309 459 487 549 generatim
507 488 618 531 omnes
639 477 749 554 gentes
773 469 862 550 (voce
883 479 911 532 et
934 471 1010 534 scri·

126 542 188 627 pu)
205 544 329 625 docere,
350 550 463 616 Martii.
488 552 541 629 28,-
563 553 611 617 19.
741 619 748 637 Ι

189 629 228 694 Et
248 633 277 696 3.
301 633 471 700 scribendo
492 636 601 700 testari
614 638 730 703 Jesum
750 659 819 702 esse
836 636 1009 716 Christum,

127 717 515 867 Iqltterqthqtesmhabeamus
537 721 634 785 vitam
656 732 835 799 aeternam,
864 725 1009 801 701120,

160 821 198 864 .e
231 805 239 832 ‘
274 852 282 884 ,
352 853 360 866 .

175 933 292 1006 (Optime
310 938 448 992 Irenoeac
471 939 489 993 l
516 946 539 995 3.
564 940 671 995 advers.
689 939 793 995 haeres.
810 958 834 997 c.
855 947 878 999 1.
897 945 930 1013 lp.
953 948 1009 999 169.

125 997 173 1054 lios
183 1021 234 1073 per
253 1005 328 1060 olion
347 1009 559 1077 dispositionem
577 1017 692 1062 uootroo
712 1011 813 1063 calatia
825 1011 1008 1078 copnooimus,

123 1083 186 1134 osam
202 1091 258 1142 per
281 1091 342 1144 eoa,
367 1094 423 1144 per
446 1094 516 1145 quoa
540 1078 715 1147 eoaoqslium
734 1079 863 1148 pervenit
887 1083 928 1134 ad
943 1099 1010 1134 ooo:

123 1144 181 1204 quod
196 1144 309 1212 quidem
327 1153 393 1199 tanc
407 1147 670 1227 praeeminuerunt,
708 1156 785 1201 osten
801 1164 866 1203 coro
881 1166 938 1218 por
951 1150 1011 1204 Dei

121 1208 270 1265 voluntatem
283 1214 314 1266 in
328 1213 485 1283 Scripturis
496 1215 575 1269 nobie
586 1217 665 1268 trodo
702 1225 775 1284 mot,
794 1217 1010 1280 fundumentum

120 1280 302 1355 titolumoam
313 1282 390 1349 fidoi
407 1292 522 1337 nostrae
537 1285 675 1350 futurum.
707 1287 818 1338 Errant
835 1285 922 1357 igitur
935 1305 1007 1355 poo-

119 1346 184 1410 ltfieii
207 1357 376 1418 asserentes,
401 1352 541 1422 apostolos
568 1352 596 1405 in
616 1353 651 1408 N.
668 1352 846 1408 Testamento
869 1372 925 1409 non
943 1355 1009 1410 seri-

118 1416 188 1482 ptlsse
207 1419 338 1474 mandato
357 1420 409 1474 Dei
428 1437 461 1475 ex
476 1422 626 1492 proposito.
646 1421 695 1476 sed
712 1428 826 1492 propter
843 1423 1010 1479 incidentem

117 1487 309 1561 punitatem,
333 1494 361 1544 et
386 1495 500 1560 propter
519 1509 532 1544 s
553 1490 652 1544 eciales
673 1507 771 1544 causas
789 1491 865 1545 alias.
903 1494 1008 1548 Pistor.

115 1555 306 1627 lmWegweis.
324 1574 348 1611 c.
366 1563 389 1611 3.
429 1564 490 1615 ,30Ι
545 1567 626 1613 octor.
645 1559 673 1612 in
692 1559 824 1615 enchirid.
845 1577 869 1615 c.
884 1568 905 1617 1.
925 1580 952 1632 p.
966 1567 1007 1618 43.

114 1620 156 1675 Nil
176 1625 268 1678 obstet
293 1631 315 1681 1.
339 1575 426 1696 quotiJ
437 1628 555 1681 ecclesia
577 1645 595 1681 a
618 1628 728 1681 condito
746 1629 848 1682 mundo
866 1647 953 1701 usque
973 1630 1010 1685 ad

112 1687 137 1744 ll
244 1694 350 1765 absque
373 1695 517 1765 Scriptura
542 1696 603 1750 fuit.
644 1695 708 1753 Vid.
728 1697 867 1756 Belloi-oi.
885 1698 903 1751 l.
924 1706 948 1753 1.
974 1700 1009 1754 do

111 1775 150 1814 ver
169 1804 175 1818 .
195 1761 264 1832 Dei,
286 1781 309 1818 o.
325 1769 348 1818 4.
372 1769 391 1820 t.
417 1770 439 1820 1.
457 1765 508 1823 eol.
531 1771 587 1820 172.
604 1765 639 1821 Α.
675 1765 725 1818 Est
745 1765 818 1819 enim
838 1773 859 1820 1.
879 1767 1009 1822 elenchus

110 1827 189 1898 steni,
208 1838 237 1885 et
253 1832 326 1886 ratio
343 1832 465 1901 diversa3
483 1834 550 1904 quia
568 1840 637 1887 tunc
655 1834 749 1888 docuit
767 1834 844 1888 Deus
865 1836 1009 1890 ecclesiam

110 1897 166 1952 riva
182 1917 267 1955 voce:
280 1903 340 1971 jam
358 1907 452 1957 autem
469 1919 519 1955 nos
533 1902 676 1973 Scriptura
694 1903 793 1957 docere
805 1903 918 1973 placuit,
937 1921 1009 1975 quae

109 1982 158 2021 non
174 1975 233 2022 tam
250 1969 342 2037 facile,
362 1987 394 2024 ac
411 1971 491 2025 vivae
508 1971 583 2025 vocis
600 1971 777 2041 praedicatio,
796 1973 933 2043 cormmpi
948 1979 1010 2043 pot·

107 2041 151 2092 cst.
189 2045 213 2092 2.
232 2037 374 2109 Ignoratio
392 2039 507 2096 elenchi.
544 2039 666 2111 Tempus
691 2040 764 2094 enim
786 2046 916 2098 mutatur.
950 2041 1010 2096 Ali·

107 2107 213 2174 quando
232 2106 377 2177 Scriptura
396 2109 450 2163 fuit
468 2127 523 2163 non
541 2110 696 2163 necessaria
713 2109 745 2173 E.
758 2113 785 2162 ct
802 2126 941 2164 nuncnon
959 2115 1008 2165 est.

106 2177 126 2227 3·
143 2180 259 2236 Elench.
269 2195 379 2249 conseq.
405 2178 502 2233 Potuit
517 2195 567 2232 nos
581 2178 659 2232 Deus
676 2177 735 2232 sine
748 2177 890 2249 Scriptura
901 2179 1008 2248 docere,

105 2246 134 2306 E.
150 2250 295 2320 Scriptura
317 2264 373 2301 non
391 2251 434 2300 est
448 2248 610 2301 necessaria.
643 2247 737 2300 Etiam
754 2245 832 2301 Deus
849 2266 899 2302 nos
917 2253 1010 2319 potest

104 2319 207 2390 absque
231 2317 294 2371 cibo
317 2323 345 2370 et
368 2320 438 2386 potu
461 2315 542 2369 alere.
578 2316 689 2386 Ergone
713 2314 791 2369 cibus
809 2321 837 2370 et
854 2322 936 2386 potus
954 2335 1011 2372 non

104 2386 277 2444 necessaria?
311 2386 340 2439 A
356 2384 483 2455 possibili
506 2383 541 2438 ad
560 2384 650 2439 inesse
668 2384 703 2440 N.
721 2384 757 2440 V.
778 2385 809 2441 C.
847 2387 900 2439 Nil
920 2388 1012 2439 obstat

105 2462 127 2512 2.
143 2457 220 2528 quod
232 2453 350 2509 ecclesia
363 2453 513 2506 christiana
524 2453 608 2524 longo
618 2460 742 2522 tempore
754 2451 807 2507 fuit
819 2453 869 2508 abs
890 2472 925 2510 ue
940 2454 1010 2510 Scri·

104 2530 192 2596 ptura.
228 2526 310 2577 Idem
331 2522 398 2576 ibid.
424 2522 552 2576 col.173.
579 2523 614 2578 Α.
650 2522 764 2576 Falsum
781 2521 840 2575 hoc.
901 2539 1012 2593 empore

104 2595 173 2649 enim
186 2592 290 2648 Christi
306 2591 362 2644 fuit
378 2590 413 2646 V.
426 2590 469 2658 Τ.,
487 2607 502 2644 e
519 2607 574 2662 quo
585 2590 711 2645 Christus
730 2596 758 2645 et
774 2591 892 2661 apostoli
912 2592 1012 2646 doctri·

104 2680 166 2717 nam
183 2679 264 2716 suam
283 2678 339 2715 non
351 2659 440 2714 solum
451 2675 510 2714 eom
531 2659 676 2725 rubebant,
698 2660 746 2713 sed
759 2665 788 2713 et
799 2659 836 2712 ad
849 2660 922 2714 idem
934 2660 1012 2714 audi·

104 2736 174 2787 tores
191 2748 257 2785 suos
274 2728 462 2783 remittebant.
525 2729 568 2782 oli.
587 2733 613 2795 5,
631 2731 674 2781 39.
712 2730 781 2784 Luc.
800 2732 842 2796 16,
865 2732 909 2784 29.
947 2729 1011 2781 Aet.

105 2804 204 2870 17,11.
242 2799 295 2852 Nil
318 2799 408 2850 obstat
433 2802 457 2854 3.
486 2798 560 2867 quod
589 2801 685 2868 gentes
709 2796 738 2849 in
760 2796 837 2851 Test.
853 2796 888 2851 V.
906 2795 1012 2868 absque

105 2868 246 2940 Scriptura
259 2867 384 2920 salvatae
395 2870 467 2920 sunt.
496 2866 635 2923 Bollarm.
646 2864 714 2922 ibid.
726 2863 777 2920 col.
796 2871 851 2920 172.
867 2865 896 2917 G.
912 2870 940 2920 et
955 2871 1012 2921 175.

104 2938 137 2995 Α.
171 2937 288 2991 Falsum
306 2935 379 2989 enim
398 2933 524 2989 utillud:
545 2934 673 3006 legerunt
689 2933 762 2988 enim
781 2933 926 3003 religiosae
983 2951 1012 2987 n·

103 3010 144 3062 tes
159 3006 331 3074 scripturam
351 2994 475 3072 exeniplo
495 3002 624 3059 eunuchi.
658 3003 722 3056 Act.
738 3006 762 3071 8,
781 3005 823 3054 28.
855 2950 1013 3056 Transitorio

106 3081 136 3130 ro
144 3075 264 3156 interpp.
281 3089 345 3135 eum
362 3070 483 3125 infinem
500 3072 584 3133 faeta,
605 3076 779 3142 utstgentes
791 3068 882 3150 legere
892 3075 1012 3140 possent.

105 3145 154 3198 No
166 3144 231 3198 dem
251 3160 287 3197 ue
305 3143 396 3195 obstat
408 3146 432 3195 4.
446 3140 602 3210 exemplum
612 3140 792 3200 iudaeorum,
811 3155 858 3208 qur
870 3140 959 3211 magis
971 3139 1015 3195 usi

104 3161 307 3273 baditiomhus,
326 3226 410 3280 quam
427 3209 578 3280 Scripturis
596 3209 734 3262 Bellarm.
754 3207 781 3260 d.
798 3206 817 3262 l.
838 3209 890 3262 col.
903 3215 959 3264 172.
978 3209 1014 3265 Ι).

105 3279 154 3336 Est
168 3281 242 3335 enim
265 3287 286 3335 1.
305 3277 404 3349 petitio
423 3277 552 3348 principii
576 3283 604 3332 et
622 3276 728 3332 elench.
746 3276 873 3347 exempli.
910 3284 933 3332 2.
954 3276 1014 3331 Du·

105 3349 188 3420 plices
205 3348 348 3404 habebant
359 3347 462 3402 Judaei
470 3346 646 3401 traditiones:
664 3345 790 3415 scriptas,
810 3362 882 3416 quae
900 3343 1015 3400 inScri·

1014 3302 1096 3552 l'
