2250 3772
116 248 180 312 70,
342 246 452 331 Caput
472 245 498 311 Ι.
543 245 596 309 De
617 243 780 329 decalogo.
813 299 818 317 ‚

201 417 231 480 4.
248 415 335 496 Quia
348 414 383 477 in
397 413 558 499 primitiva
577 413 711 478 ecelesia
725 411 866 498 imagine

117 501 261 577 Mariae,
290 499 403 576 oruois,
433 498 667 585 apostolorum,
695 508 868 582 martyrum

117 611 198 664 rum,
215 585 372 672 passionis
391 584 579 661 dominicae,
602 594 634 648 et
651 583 729 647 alias
743 581 864 669 passim

119 672 214 737 etiam
236 671 270 734 in
287 669 425 756 publicis
448 669 574 756 templis
594 669 782 732 habuerunt.

190 771 283 835 (Ratio
310 777 331 825 1.
356 770 510 824 desumitur
539 786 557 823 a
578 769 640 824 fine
686 768 777 836 Finis,
806 783 857 821 cur

119 838 259 909 sculptilia
276 844 305 893 et
323 839 380 892 ima
402 839 460 893 ines
478 844 550 906 sunt,
570 843 621 919 est,
640 856 676 893 ne
694 838 852 892 adorentur.

118 926 175 964 non
194 909 358 976 adorantur,
381 926 392 961 1
411 908 422 960 i
444 924 495 962 nee
520 907 677 962 interdictio
699 905 746 961 vel
770 904 868 976 prohib

119 977 217 1046 habet,
242 982 270 1031 et
294 978 334 1030 sie
353 981 419 1029 sunt
435 976 531 1033 libera.
571 976 617 1030 Sio
636 981 759 1043 statuae,
783 990 868 1028 morus

119 1046 201 1116 pides
221 1051 250 1100 et
267 1045 368 1099 altaria
385 1045 449 1116 lege
458 1044 512 1099 Dei
530 1045 680 1115 prohibita,
699 1046 766 1099 Leo.
785 1046 824 1096 26
850 1046 867 1095 1

119 1115 223 1169 tionem
241 1114 332 1168 cultus
348 1114 413 1166 olim
431 1130 562 1168 concessa
577 1112 703 1182 fuerunt,
721 1113 785 1167 vide
808 1083 868 1166 (isa

120 1186 146 1240 1.
166 1184 242 1237 Sam.
265 1188 287 1250 7,
316 1185 357 1237 12.
403 1182 508 1245 Quidni
524 1200 605 1253 ergo,
632 1199 696 1235 cum
718 1198 770 1251 par
792 1180 830 1234 sit
852 1197 868 1232 u

119 1252 199 1319 ratio,
226 1256 254 1306 et
270 1251 404 1322 imagines
427 1251 558 1306 nostrae?
583 1257 606 1306 2.
624 1250 671 1304 Ab
690 1249 815 1319 exemplo
832 1253 861 1304 et

121 1320 215 1375 divino
233 1320 392 1375 immediato
410 1319 517 1374 effectis
536 1320 721 1391 comprobato.
741 1320 820 1373 Deus
836 1334 868 1371 na

118 1389 186 1444 feeit
201 1388 350 1459 imaginem
379 1389 504 1459 exemplo
528 1395 594 1443 sunt
623 1389 716 1460 imago
735 1387 868 1442 tabemso

121 1460 203 1526 40,1,
222 1462 250 1511 et
268 1457 397 1525 visiones,
416 1459 466 1511 Es.
486 1461 516 1525 6,
530 1461 556 1510 2.
589 1460 689 1512 Erech.
703 1462 745 1525 15,
765 1460 790 1510 6.
821 1457 868 1508 Do

15 1547 22 1563 ·
122 1525 193 1579 alios
210 1526 303 1580 faeere
318 1527 412 1595 jussit,
432 1531 460 1580 et
475 1533 509 1580 ut
527 1527 619 1582 faeere
638 1532 760 1597 possent,
786 1524 868 1595 spirit

123 1595 215 1665 Epod.
234 1598 280 1661 35,
299 1598 345 1663 30,
364 1599 396 1647 ut
413 1600 490 1664 puta,
509 1595 667 1664 Cherubim,
687 1600 710 1650 1.
730 1597 799 1662 Περ.
821 1597 846 1661 6,
866 1636 868 1644 ,

122 1680 184 1716 rum
202 1662 316 1732 speeies,
342 1681 369 1719 v.
391 1669 432 1731 29,
450 1665 524 1717 mala
545 1666 657 1735 punica,
683 1668 706 1717 1.
725 1666 794 1731 Req.
818 1664 839 1730 7,
860 1673 868 1714 J

122 1748 207 1799 rosas,
229 1738 267 1795 19,
288 1738 329 1800 22,
348 1732 450 1799 leones,
471 1738 511 1801 29,
531 1738 573 1800 36,
595 1734 687 1800 boves,
707 1739 739 1787 29
768 1738 809 1798 25,
834 1730 868 1783 im

123 1800 180 1855 rias
201 1800 231 1854 in
257 1802 332 1867 velo,
360 1806 386 1853 2.
407 1803 508 1855 Paret.
528 1806 560 1862 3,
580 1806 614 1855 14
633 1808 686 1856 eto.
730 1773 809 1865 Quae
827 1816 868 1854 om

123 1874 196 1924 stato
231 1885 283 1922 sua
316 1870 451 1940 templum
483 1871 637 1926 Salomonis
672 1870 829 1940 implendo,
864 1888 868 1920 a

124 1943 147 1990 1.
166 1938 235 2005 lisy.
255 1941 347 2005 6,16.
384 1937 486 1993 Confer
509 1947 665 2009 serpentem
683 1956 813 2001 aeneum,
838 1939 868 1992 N

124 2011 177 2062 eto.
208 2011 232 2060 ³.
245 2005 273 2059 A
291 2007 449 2061 testimonio
468 2008 562 2062 divino
575 2009 734 2062 immediato
746 2006 859 2075 Christi,

125 2074 320 2144 apostolorum.
366 2076 424 2131 Neo
445 2076 517 2131 enim
536 2076 662 2130 Christus
688 2076 839 2146 imaginem
865 2093 868 2128 :

124 2159 231 2209 census,
250 2144 355 2197 Matth.
376 2147 423 2212 22,
444 2148 490 2207 20,
515 2163 567 2199 neo
590 2145 695 2199 Paulus
714 2145 836 2200 Castoris
861 2161 868 2197 s

125 2211 254 2282 insignia,
274 2212 371 2268 Actor.
391 2216 435 2278 2⁸,
455 2217 488 2265 11
507 2214 681 2284 improbavit.
726 2221 750 2268 4.
769 2214 815 2268 Ab
841 2230 868 2267 es

126 2280 239 2360 mitivse
257 2280 398 2344 eeclesiae,
417 2282 492 2402 ssmd
510 2284 594 2336 variis
612 2301 648 2339 ss.
687 2287 777 2336 atrum
795 2282 868 2404 Αιιὲ

125 2347 180 2401 sihi
208 2347 398 2418 Chrysostomi
445 2351 543 2419 ertull,
557 2303 773 2424 Greg.llyssen.
792 2358 821 2406 et
865 2351 868 2377 ³

125 2388 239 2486 probari
257 2422 357 2486 potest.
429 2418 474 2473 ide
493 2422 551 2474 Du.
572 2420 682 2475 Glisma.
702 2421 754 2474 loe.
773 2436 868 2474 comm.

132 2494 152 2539 1.
170 2486 279 2554 parth.
297 2503 324 2555 p.
337 2492 377 2540 42.
398 2492 426 2540 et
444 2490 502 2542 Da.
522 2489 695 2544 Sohroederi
709 2489 841 2559 apodixin
859 2489 868 2540 s

126 2553 180 2617 bus
198 2553 237 2607 th.
257 2560 288 2608 77
310 2562 385 2610 etse
405 2573 432 2627 q.
482 2557 546 2613 Non
563 2559 649 2629 igitur
667 2559 723 2612 ima
745 2558 817 2613 ‘nem
835 2573 868 2611 er

126 2621 204 2676 Bere
222 2640 256 2677 ex
274 2622 366 2703 animo
386 2572 568 2693 detestamur,
588 2627 689 2695 colloq.
739 2628 856 2695 ompelp.

126 2691 221 2761 plaoet
238 2691 388 2746 nobishoc
409 2694 546 2764 Greporii
561 2696 579 2749 l.
598 2701 622 2750 9.
640 2695 720 2766 epist.
733 2700 756 2749 9.
775 2701 795 2749 t.
812 2700 836 2751 2.
856 2711 868 2748 o

110 2760 168 2827 si·
183 2760 246 2829 quis
263 2761 400 2829 imaqines
411 2764 515 2831 jacere
533 2765 661 2832 voluerit,
681 2764 794 2818 minime
810 2781 868 2833 pro

125 2844 195 2881 rare
214 2845 280 2883 vero
298 2831 435 2901 imapiaes
455 2834 582 2887 omuibus
599 2834 691 2886 modis
711 2833 832 2901 devita)

156 2914 209 2982 39.
252 2917 373 2982 Stoidis
393 2920 494 3004 ipitur,
518 2921 640 2984 sumata
662 2923 803 3004 opinione
826 2918 868 2982 osu

484 3026 547 3067 esse
569 3005 677 3068 idola?

170 3176 174 3183 ¹
214 3098 356 3167 Omnino
379 3103 426 3167 sio
447 3113 570 3168 statuo:
593 3106 719 3169 Idolum
741 3103 827 3168 enim
847 3127 867 3166 a

127 3188 250 3251 mado.
276 3188 303 3251 1.
332 3189 403 3254 Cor.
424 3189 455 3265 8,
475 3189 507 3266 4,
530 3193 584 3254 sed
604 3192 729 3254 mundis
748 3188 868 3274 (remot

128 3268 190 3333 tria
204 3279 236 3334 et
250 3272 488 3359 superstitione)
504 3277 609 3341 omnia
625 3285 697 3338 sunt
716 3276 842 3356 mando,
