2250 3772
104 221 170 285 648
300 215 453 301 Syllabus
476 239 583 281 rerum
604 229 637 281 et
657 218 863 283 verborum.

143 385 181 440 ad
197 394 283 452 extra,
302 383 484 438 sanctificatio
500 392 530 437 et
548 386 734 456 regeneratio,
754 393 816 443 214.
853 386 931 442 Vide
949 387 1015 442 etiem

144 455 297 508 Processio
315 463 341 506 et
361 453 439 521 Spin.
460 471 480 505 s.

108 525 223 577 Dertra
245 521 304 576 Dei
310 564 317 585 ,
345 530 484 576 aeternam
508 537 541 573 ac
564 520 702 575 infinitam
722 524 890 595 potentiam
910 525 1015 579 denotat

146 599 205 647 361.
242 592 315 646 Vide
336 590 430 644 Sessio
450 591 493 642 cd
509 592 638 643 dextram
656 594 697 646 D.

108 661 264 726 Diatolua,
282 666 362 712 autu
399 658 487 712 cecati
505 664 554 711 est.
578 665 634 712 155.
671 661 753 714 Deus
772 661 860 731 hujus
880 662 964 715 seculi
980 677 1017 715 no

144 730 272 783 minatur.
295 735 352 783 205.
425 745 477 780 nus
499 733 543 780 est
565 727 673 783 ratione
691 730 820 801 originis.
843 737 906 789 222.
925 737 971 785 226
986 747 1016 800 sq.

147 805 206 853 229.
246 815 345 851 nomen
367 797 458 866 ipsum
481 796 517 849 ab
539 795 643 851 effectu
667 801 816 853 68661)ίά
863 800 893 853 in
912 806 1017 855 extremo

142 866 251 936 judicio
269 883 381 936 prorsus
401 865 639 919 condemnabitur.
658 872 720 922 316.
753 873 849 922 tentat
866 870 905 922 ad
923 869 1016 922 malum

148 942 207 989 1113.
244 935 318 989 Vide
336 935 442 1000 Anpeh'
457 933 534 986 mali.

111 1005 185 1057 Dies
203 1004 356 1068 dominica,
373 1019 483 1056 omnem
499 1001 615 1071 gloriam
635 1002 772 1059 sabbathi
782 1005 902 1059 Judaici
919 1006 955 1060 ab
967 1021 1019 1074 apo

146 1072 225 1125 stolis
243 1073 271 1124 in
292 1089 321 1125 se
339 1072 503 1124 translatam
522 1070 613 1125 habet.
633 1075 675 1125 88.
716 1089 778 1126 eur.
797 1075 873 1130 itia.
911 1073 1018 1128 cultibus

145 1158 211 1194 rore
229 1141 330 1194 divinis
352 1138 551 1193 sanctificanda
573 1145 624 1195 est.
661 1145 705 1194 92.
742 1141 853 1196 Confer
874 1145 1019 1197 Pasctoet

149 1209 308 1262 Sabbatum.

112 1296 159 1348 Di
181 1296 287 1346 ‹rcntta
302 1311 491 1362 personarum
508 1293 654 1354 trinitatis,
674 1292 783 1362 duplex
801 1303 852 1349 est.
875 1303 934 1352 211.
959 1295 1019 1351 Vide

174 1363 342 1432 repr-ictam
359 1363 560 1430 hypostaticas,
578 1361 779 1429 proprietates
797 1367 997 1433 operationum

114 1433 208 1499 Dipni
224 1433 253 1483 in
270 1450 293 1486 a.
312 1448 413 1483 coenae
432 1431 622 1498 marpesiam.
642 1430 822 1485 describitur.
843 1440 905 1488 562.

112 1502 170 1552 Dii
187 1501 282 1566 alieni,
301 1506 504 1553 enumerantur.
523 1504 564 1552 oo.
597 1498 748 1567 dupliciter
768 1501 813 1554 its
830 1503 970 1558 dicuntur.
987 1505 1018 1556 63,

146 1585 201 1620 nou
223 1576 288 1620 sunt
305 1568 459 1622 invocandi.
480 1573 521 1622 63.
542 1572 584 1621 66.
604 1572 664 1622 131.
681 1573 744 1622 437.

112 1637 169 1688 liii
186 1637 340 1703 pents'lr'um.
360 1637 399 1689 dii
418 1637 501 1690 alieni
520 1640 586 1688 sunt
605 1636 717 1705 proprie
732 1637 775 1690 its
793 1638 874 1694 dieti.
895 1646 938 1694 61.

114 1705 250 1769 Dilectio,
277 1713 319 1758 est
345 1705 444 1775 regula
469 1703 697 1757 affirmativorum
729 1714 956 1776 praeceptorum.
986 1713 1018 1762 59.

147 1790 201 1826 non
220 1774 368 1842 requiritur
388 1775 426 1827 ad
445 1772 681 1842 justificationem.
703 1779 764 1828 382.
809 1777 946 1830 effectum
966 1774 1018 1830 fidei

149 1853 198 1897 est.
216 1850 275 1897 353.
307 1844 374 1909 Dei,
399 1843 541 1912 praecedit
563 1841 740 1896 dilectionem
760 1845 893 1912 proximi.
914 1853 954 1900 57.
986 1850 1018 1899 est

148 1912 235 1964 virtus
255 1911 277 1963 l⁴
295 1912 444 1980 praecepti.
463 1919 505 1967 66.
534 1911 691 1964 continetur
707 1913 793 1965 etiam
816 1920 842 1968 2.
863 1920 894 1968 et
913 1922 936 1970 3.
952 1929 1018 1984 prae

151 1981 248 2049 ceptis.
268 1988 310 2031 66,
347 1981 480 2047 proritat.
499 1981 592 2049 arguit
610 1980 694 2032 etiam
712 1982 897 2036 dilectionem
910 1985 968 2038 Dei.
985 1989 1017 2038 61.

147 2052 305 2102 continetur
329 2049 357 2100 in
376 2049 501 2102 secunda
517 2048 622 2101 tabula.
646 2059 687 2102 66.
732 2050 809 2104 Vide
828 2051 968 2105 Caritatis
983 2052 1017 2116 of-

148 2134 220 2170 tlt‘tit.

116 2203 281 2271 Disciplina
300 2200 498 2267 ecclesiastica,
522 2202 550 2254 in
574 2201 682 2256 duobus
700 2202 837 2258 consistit
860 2211 922 2261 363.
957 2204 1018 2260 Vtile

151 2272 277 2324 t'lmt'cm
291 2277 417 2338 potestas
435 2281 460 2321 et
481 2272 559 2323 Ordo

116 2355 223 2408 Dicito
255 2363 358 2406 actara
393 2356 513 2418 Christi,
544 2372 609 2410 vere
638 2370 721 2424 passa
750 2371 786 2408 ac
819 2366 939 2412 mortua
970 2362 1016 2412 263.

149 2440 203 2476 non
229 2439 298 2493 opus
323 2423 421 2477 habuit
446 2425 620 2478 exaltatione.
640 2429 699 2479 266.
720 2429 770 2479 306
792 2443 850 2497 seq.
880 2425 1016 2482 communi·

147 2493 223 2614 Σίιέεἰὲ
243 2510 277 2614 {33
304 2492 470 2612 bilmanitati
497 2496 707 2558 tornamparte.
735 2497 796 2549 282.
847 2496 925 2553 Vide
951 2495 1017 2551 Idio-

112 2648 240 2712 Divitea,
258 2645 428 2725 pauperibus
444 2646 532 2715 gratis
549 2650 645 2697 mutuo
665 2644 731 2700 dare
750 2645 864 2703 debent.
889 2655 945 2704 127.

112 2717 255 2769 Divitiae.
281 2715 374 2768 licitae
394 2724 457 2766 sunt
476 2713 640 2767 christianis
669 2719 726 2769 128.
771 2718 887 2785 amplae
912 2717 1018 2773 nonde

149 2783 216 2838 bent
234 2800 267 2837 ex
305 2784 333 2836 ti.
351 2788 409 2839 455.

112 2853 260 2918 Dicortdr,
297 2852 360 2905 odie
379 2850 560 2920 exspirarunt.
584 2855 638 2905 126.
660 2856 717 2904 127.

112 2923 253 2974 Docti-ino
272 2922 437 2987 cbristimsc,
459 2919 561 2973 dicitur
580 2917 742 2989 baptismus.
761 2924 823 2975 497.
857 2919 933 2978 Vide
952 2921 1019 2976 ctri-

146 2992 240 3042 sts'ana
261 2992 401 3042 doctrino.

111 3058 311 3112 Doniiniorrcm
330 3056 483 3122 AEatiucta'o,
501 3057 563 3125 ejas
575 3056 720 3124 possessio
731 3056 844 3124 iniqua,
858 3058 968 3115 furtum
980 3063 1020 3113 est

149 3133 204 3181 1:¹3.
240 3127 378 3196 legittima,
396 3125 473 3179 licita
491 3132 540 3179 eat.
560 3131 618 3180 129.
656 3124 835 3179 describitur.
858 3135 918 3183 130.
957 3127 1021 3184 Vide

144 3195 299 3251 Possessio.

108 3262 273 3315 Donsiaiam
292 3265 323 3317 io
341 3263 489 3329 animatia,
506 3278 563 3315 non
583 3260 636 3315 fuit
652 3261 717 3331 ipsa
732 3260 831 3333 imago
850 3264 915 3323 Dei.
934 3272 991 3323 231.
