2250 3772
287 237 340 304 De
361 237 568 303 sacramentis
584 237 617 301 in
632 260 758 325 genere.
776 320 783 335 Ι
925 238 987 304 481

66 408 177 475 auena,
195 405 325 461 nimirum
340 421 391 477 pro
410 405 490 477 signo
507 404 566 462 sive
585 407 724 478 symbolo,
739 423 769 461 re
787 411 912 476 terrena,
935 407 989 463 ele-

68 480 169 531 mento
194 474 306 532 visibili.
346 474 408 549 Quo
432 491 514 529 sensu
536 475 696 558 frequenter
717 476 894 546 Augustinus
913 477 989 532 acci-

67 545 124 617 pit.
161 546 240 599 Nota
257 542 311 599 111.
336 546 378 598 Et
401 561 495 597 vocem
517 546 594 614 ripas
610 546 748 614 usurpari
766 553 788 599 l.
804 562 859 614 pro
879 544 987 614 integro
1061 588 1065 601 ,

66 621 250 677 sacramento
274 612 392 682 (accepit
416 613 526 683 signum
549 613 775 679 circumcisionis,
800 615 880 667 Rom.
900 618 925 677 4,
945 619 986 684 11,

67 683 165 744 idest,
175 680 412 738 circumcisionem
424 681 532 751 ipsam).
553 682 591 736 Et
603 688 663 736 tum
676 682 816 753 signatum
826 687 906 737 notat
920 699 986 737 cau·

67 769 133 807 sam
152 750 266 806 finalem
286 768 336 806 seu
359 749 480 804 fructum
507 750 681 808 sacramenti.
719 757 743 808 2.
761 752 821 805 Pro
836 759 922 820 parte
940 769 986 804 aa·

67 821 228 887 momentu,
255 837 306 890 pro
332 819 458 890 symbolo
476 819 535 874 scil.
554 824 666 874 externo
686 819 745 874 sive
768 820 902 874 elemento
921 820 986 874 visi·

67 888 135 945 bilis
159 894 189 943 et
211 894 272 942 tum
289 887 311 941 si
352 894 430 943 atum
448 892 528 942 notat
546 888 662 942 alteram
680 895 788 959 partem
809 888 985 958 sacramenti,

68 973 174 1028 nempe
190 974 250 1012 rem
266 963 422 1012 coeestenr.
451 955 528 1020 Quae
545 963 676 1012 accurate
689 957 836 1012 observata
847 956 900 1011 insi
942 974 986 1012 em

66 1026 179 1087 habant
202 1026 337 1081 adversus
360 1027 500 1098 φλυαρίας
521 1025 740 1081 adversariorum
761 1044 850 1080 nsum.
922 1043 985 1080 erro

68 1093 240 1151 definitionis
258 1111 347 1165 genus
367 1100 409 1149 est
428 1094 502 1147 acuo
522 1095 675 1175 etquidem
691 1112 784 1163 naua,
801 1095 838 1148 ad
858 1094 985 1150 differen-

67 1163 140 1219 tiam
155 1164 297 1218 andenam
316 1162 485 1216 naturalium
505 1168 534 1217 et
552 1163 683 1232 civilium,
702 1180 818 1244 quanam
838 1169 940 1217 natura
957 1169 986 1219 et

66 1232 201 1287 voluntas
217 1232 359 1286 hominum
376 1237 534 1299 causaest,
552 1232 677 1302 adeoque
696 1232 829 1286 drvinitus
846 1232 983 1302 instituta,

67 1309 102 1356 ut
125 1301 274 1356 denotetur
293 1306 378 1355 autor
395 1304 645 1367 sacramentorum,
675 1300 722 1371 qui
745 1307 788 1355 est
805 1302 880 1355 solus
898 1302 983 1355 Deus.

66 1370 153 1435 Qnod
172 1369 309 1437 utactio,
326 1369 473 1439 probatur,
493 1369 558 1440 quia
581 1375 603 1424 1.
621 1369 764 1438 Scriptura
781 1369 874 1424 omnia
891 1386 983 1425 sacra·

66 1445 167 1494 menta
190 1438 285 1492 divina
304 1436 400 1492 definit
423 1437 514 1492 verbis
540 1438 638 1492 activis
660 1438 718 1493 sive
738 1438 874 1492 actionem
893 1438 984 1510 requi·

65 1506 205 1563 rentibus.
241 1507 279 1562 Et
296 1512 320 1562 2.
338 1505 432 1560 omnia
447 1523 507 1561 esse
526 1507 654 1560 suumin
671 1507 780 1561 actione
801 1506 914 1562 habent.
947 1507 984 1562 Et

67 1580 91 1633 ³.
113 1574 175 1631 sine
192 1575 302 1630 actione
320 1592 380 1629 esse
398 1592 454 1629 non
471 1582 595 1644 possunt
629 1575 673 1628 Ita
689 1575 762 1629 actio
782 1582 825 1630 est
841 1576 982 1646 praeputii

64 1644 226 1726 amputatio
270 1643 336 1715 agni
355 1643 501 1712 mactatio,
524 1644 554 1696 in
571 1661 673 1714 aquam
691 1644 842 1707 immersio,
865 1646 982 1699 mandu-

64 1720 143 1769 enno
162 1718 193 1768 et
204 1685 313 1768 biiritio.
349 1711 429 1767 Tolle
446 1713 513 1793 ista,
531 1718 559 1767 et
577 1719 749 1768 sacramenta
769 1713 830 1781 ipsa
848 1713 981 1769 destrues.

65 1784 183 1837 Errarst
200 1781 287 1853 igitur
306 1786 329 1837 1.
346 1781 516 1849 Uoltiniam,
534 1780 583 1851 qui
599 1788 771 1836 sacramenta
788 1798 822 1836 ex
839 1781 982 1850 praedica-

64 1856 163 1907 mento
186 1850 303 1905 actionis
328 1850 365 1904 ad
388 1849 643 1920 praedicamentum
667 1850 807 1904 relationis
825 1851 980 1920 relegatum

64 1925 144 1989 eunt,
161 1925 191 1975 et
203 1919 280 1973 nuda
288 1920 424 1973 duntaxat
433 1918 514 1989 signa
524 1935 583 1973 esse
592 1919 692 1973 acriter
701 1919 841 1974 dimicant.
860 1920 982 1973 Keckcr·

64 2006 165 2045 mana.
189 1988 208 2045 l.
231 1995 255 2043 1.
280 1994 393 2058 system.
420 1986 503 2058 logio.
526 2004 586 2058 cap.
608 1994 631 2043 2.
656 1987 676 2041 f.
697 1994 717 2042 1.
743 2004 807 2057 pag.
827 1992 871 2043 43.
907 1986 979 2043 Sunt

64 2056 183 2129 qnidam
201 2056 289 2128 signa,
306 2056 355 2111 sed
378 2063 400 2111 1.
418 2055 442 2109 si
456 2057 578 2111 secunda
593 2056 735 2110 notatione
752 2055 919 2110 vocabulum
937 2073 980 2111 sa-

64 2126 204 2181 cramenti
220 2124 349 2194 accipias.
378 2125 449 2178 Sunt
464 2125 553 2195 signa,
571 2125 622 2179 sed
641 2130 664 2179 2.
682 2142 737 2178 non
753 2131 861 2194 tantum
874 2140 979 2197 σημαν-

64 2194 129 2249 tract
146 2193 345 2266 significativa,
367 2194 417 2247 sed
442 2198 471 2247 et
486 2194 653 2265 μειαδοτικὰ
673 2194 842 2248 conferentia
860 2200 888 2249 et
905 2194 980 2249 exhi·

65 2262 164 2331 bifiva,
181 2263 206 2317 si
222 2263 337 2333 loquare
356 2262 392 2316 de
409 2262 588 2316 sacramentis
601 2262 635 2317 N.
645 2261 722 2316 Test.
749 2264 861 2316 Errant
879 2269 980 2332 zpon-

67 2332 158 2400 tsfirr's‘,
176 2330 226 2402 qui
242 2337 446 2386 sacramentum
460 2330 642 2386 eucharistiae
654 2331 737 2385 etiam
752 2337 830 2385 extra
841 2333 979 2387 actionem

67 2416 129 2455 esse
146 2404 177 2456 et
194 2416 306 2455 manere
323 2405 527 2454 sacramentum
542 2400 680 2462 dictitant,
698 2400 823 2470 inquam
835 2399 919 2455 finem
930 2401 978 2454 hc-

70 2467 150 2523 stism
166 2468 261 2527 etiam,
271 2468 301 2522 in
320 2468 440 2523 sacrario
461 2468 633 2522 reconditam
657 2469 798 2539 supplices
815 2470 933 2523 adorant
950 2476 979 2524 et

71 2543 244 2599 merantur.
280 2536 347 2593 Vid.
366 2537 537 2591 Bellnrmin.
554 2537 602 2591 lib.
615 2543 639 2592 4.
658 2538 692 2591 de
712 2536 858 2592 eucharist.
877 2554 937 2605 cap.
954 2543 977 2593 1.

73 2608 134 2661 tam.
152 2611 177 2661 3.
202 2605 256 2660 col.
276 2611 335 2662 613.
363 2611 392 2660 et
420 2622 443 2662 c.
463 2611 486 2661 2.
515 2623 578 2660 cum
603 2623 678 2676 seqq.
707 2606 759 2660 col.
779 2604 882 2660 655.A.
900 2622 978 2676 seqq.

75 2670 184 2729 Conna:
207 2683 289 2728 satra
313 2675 449 2728 sumnam
473 2675 608 2728 divinitus
628 2674 796 2736 institutam,
822 2673 880 2728 sios
898 2681 978 2727 cntra

77 2756 148 2797 war
172 2751 316 2797 marnam
343 2743 387 2796 orl
412 2761 464 2797 usn
502 2747 624 2797 ationem
647 2745 724 2810 (usus
747 2743 820 2797 enirn
843 2742 978 2811 internus,

10 2828 13 2877 ζ
79 2809 197 2877 qdfidei
215 2811 358 2883 proprius,
382 2829 437 2867 non
511 2811 642 2875 formam,
663 2812 713 2865 sed
731 2811 767 2864 ad
784 2811 867 2864 finem
884 2827 976 2865 sacra·

10 2880 20 2975 ²(
82 2880 155 2997 ³³15
168 2881 480 3004 pertiqugnitilhlqaqet
496 2881 634 3002 monem
651 2881 828 3002 coaequasti.
837 2879 977 3002 tithtioma

10 3004 26 3091 s..
81 2952 247 3097 Waltiinaet
264 3034 283 3072 a
300 2965 837 3097 igpolastiieilirwappiydiraterimiervidemti
856 2966 891 3071 bu
902 2964 971 3071 deitxl.

10 3072 19 3109 ¹
81 3072 169 3155 Pirhp,
184 3094 253 3144 orat.
274 3087 309 3143 de
324 3088 423 3157 colloq.
435 3086 578 3141 Ratisbon.
592 3084 857 3141 ann01541.hab1ta
889 3125 896 3140 .
912 3092 972 3140 557.

10 3144 20 3183 '⁸-
80 3140 179 3208 Iussa
204 3156 284 3226 epist.
311 3155 348 3211 ad
375 3156 442 3212 Sim.
466 3155 585 3210 Wolfer.
609 3161 630 3209 t.
648 3161 672 3209 4.
697 3171 771 3224 oper.
790 3154 838 3207 lat.
859 3102 974 3211 Jpenens.

10 3204 25 3299 ζ
80 3206 120 3269 ἷῡῑ
140 3227 193 3279 tet.
207 3241 231 3281 a
267 3224 332 3280 Non
356 3225 430 3279 enim
454 3241 528 3295 aqua
545 3230 587 3278 est
610 3223 779 3293 baptismus,
806 3222 860 3275 nisi
883 3223 922 3277 ba
941 3223 976 3278 ti·

10 3312 26 3369 ,ζ
80 3286 157 3344 undo
176 3294 329 3349 secundum
356 3293 562 3348 institutionum
583 3291 685 3348 Christi
705 3297 878 3362 aspergatur.
943 3309 976 3346 sc

782 3385 805 3418 M
