2250 3772
84 248 150 314 594
256 243 365 331 Caput
387 245 429 312 V.
472 244 525 309 De
548 263 648 310 coena
670 243 845 309 dominica

85 426 174 481 taxat
195 414 229 478 in
250 436 351 499 anno,
372 434 433 478 neo
454 413 488 477 iu
509 410 598 477 festis
620 411 728 476 solum
750 412 999 490 solemnioribus,

89 501 146 566 sed
168 499 295 584 saepius
319 520 356 562 ac
381 497 553 576 multoties,
574 496 701 582 quoties
718 498 933 564 eonscientiae
950 520 1000 562 ne·

93 586 224 653 cessitas
246 583 476 670 efflagitaverit.

409 718 459 784 82.
496 717 600 796 Quare
622 716 702 781 hoe?

178 837 265 919 Quia
293 849 424 985 propter
454 835 558 899 oamis
587 846 715 900 nostrae
743 836 959 903 infirmitatem
978 839 1001 900 1.

94 923 303 1009 frequentiori
329 922 351 985 fi
375 921 406 985 ei
434 920 691 999 confirmatione,
724 923 755 987 2.
784 923 900 988 erebra
927 922 1002 987 vitae

92 1008 314 1092 renovatione,
345 1008 376 1072 3.
402 1019 557 1091 perpetua
586 1016 693 1070 mutae
716 1006 884 1073 eharitatis
905 1007 1002 1072 redin-

91 1093 271 1180 tegratione
292 1113 372 1176 opus
394 1091 558 1157 habemus.

164 1211 295 1282 (Errant
312 1227 321 1263 1
342 1208 414 1270 itur,
439 1207 487 1288 qui
505 1207 577 1261 siout
593 1206 733 1278 baptismo
752 1210 841 1264 semel
857 1207 1002 1265 tanmmin

92 1280 153 1336 uita
169 1280 251 1334 nobis
269 1226 342 1333 suti
351 1277 373 1331 it
390 1277 477 1348 ting13
497 1276 581 1330 itaet
600 1276 686 1331 semel
699 1284 811 1332 tuntum
829 1278 861 1333 in
877 1278 936 1332 rita
953 1275 1002 1332 suf·

92 1349 176 1405 ficere
195 1348 275 1403 nobis
293 1346 442 1417 opinantur
459 1361 546 1400 coena
564 1345 702 1400 dominica
713 1347 764 1400 uti.
796 1346 866 1404 Vid.
881 1349 972 1401 Thon.
981 1350 1002 1401 3.

95 1437 122 1490 q.
148 1424 188 1474 80.
209 1422 260 1471 art.
281 1422 320 1471 10.
361 1415 401 1468 At
423 1413 494 1468 ratio
520 1413 688 1469 diversitatis
711 1431 797 1497 supra
816 1416 853 1472 de
871 1416 1003 1487 baptismo

93 1493 198 1554 notatu,
216 1484 265 1539 ubi
282 1484 354 1537 vide.
392 1484 504 1536 Errant
524 1487 549 1537 2.
568 1500 600 1536 en
614 1482 771 1552 pontificata
789 1484 842 1554 illi,
861 1486 910 1557 qui
927 1481 1002 1539 semel

93 1561 205 1610 tantum
223 1553 253 1607 in
268 1569 349 1616 anno,
366 1551 451 1621 idque
471 1551 544 1606 festo
562 1551 729 1621 paschatos,
747 1553 1002 1608 communicandum

94 1640 154 1680 esse
173 1626 309 1677 statuunt.
347 1621 442 1674 Thon.
469 1619 536 1677 ibid.
563 1619 683 1675 oonelus.
704 1628 727 1676 5.
773 1623 890 1676 Errant
916 1628 939 1679 3.
961 1618 1003 1693 qul

95 1694 169 1748 sieut
187 1690 313 1763 quotidie
331 1689 360 1743 in
379 1695 497 1759 peecata
513 1688 699 1760 prolabimur;
726 1689 768 1744 ita
804 1691 912 1746 uotidie
929 1690 1003 1746 etim

96 1777 183 1817 coena
208 1759 347 1814 dominica
368 1758 502 1812 utendum
528 1774 587 1814 esse
613 1763 748 1815 asserunt.
813 1759 852 1814 id.
876 1777 899 1814 u.
920 1765 956 1815 13.
973 1757 1004 1812 de

96 1833 248 1886 consecrat.
268 1828 332 1882 dist.
352 1832 376 1884 2.
410 1829 523 1880 Errant
539 1834 562 1882 t.
587 1827 635 1898 qui
658 1826 777 1882 liberum
806 1828 864 1883 sibi
884 1845 943 1884 esse
976 1845 1002 1880 u·

96 1906 157 1955 tant
183 1899 228 1954 vel
253 1898 289 1952 ad
308 1913 422 1951 coenam
443 1895 609 1950 dominicam
622 1896 771 1961 secedere,
795 1898 843 1952 vel
862 1899 898 1953 ab
916 1915 948 1952 ea
967 1914 1002 1952 em

97 1968 251 2034 abstinere,
278 1966 396 2036 ideoque
416 1964 556 2019 rarissime
575 1965 736 2033 admodum,
766 1966 867 2021 eadem
890 1972 1002 2032 utunun,

96 2056 160 2093 uum
179 2043 273 2090 tamen
291 2034 378 2088 divini
396 2034 486 2087 cultus
504 2051 560 2089 non
578 2033 614 2087 sit
629 2050 695 2104 pars
719 2032 853 2104 minima,
879 2034 1003 2089 divinitus

98 2107 232 2161 mandata
243 2124 248 2155 :
260 2107 311 2157 noc
319 2103 407 2169 facite
415 2123 426 2166 ;
435 2103 648 2170 quotiescunque
657 2110 706 2159 ete.
725 2102 794 2158 Veri
803 2104 949 2159 christiani
957 2102 1001 2157 fre

99 2175 195 2246 quenti
212 2188 314 2226 coenae
333 2171 489 2225 dominicae
515 2171 650 2224 sumtione
669 2188 699 2225 se
717 2189 796 2226 veros
812 2190 875 2229 esse
893 2173 1002 2229 Christo

98 2245 199 2314 phoros
222 2247 367 2303 testantur,
396 2239 467 2292 siout
484 2238 609 2308 loquitur
633 2239 732 2306 Cprill.
751 2242 941 2310 Hierosolym.
965 2257 1001 2293 ot·

97 2311 169 2367 teeh.
189 2319 212 2364 4.
238 2315 394 2379 mystagog.
421 2325 447 2376 p.
467 2312 525 2362 336.
564 2307 612 2362 sic
631 2307 832 2378 Olriatoplzori
857 2310 1000 2378 (Christum

98 2381 229 2446 ferentes)
249 2379 367 2442 erimus,
393 2375 497 2446 inquit,
521 2393 582 2428 eum
602 2378 662 2444 ejus
680 2394 783 2458 eorpus
801 2387 830 2431 et
848 2380 1001 2450 aanfflu‘nen

98 2451 128 2503 t'n
148 2449 271 2501 membru
289 2453 388 2498 nostra
405 2445 600 2513 receperimus,
620 2454 701 2514 atptte
721 2454 778 2515 uta,
803 2455 837 2500 ut
856 2451 894 2505 B.
911 2450 1002 2502 Petrus

100 2519 184 2586 (licit,
211 2517 460 2569 diuinneneturae
480 2521 622 2567 consortes
641 2514 805 2582 efficiemur.
844 2516 891 2573 Sic
910 2524 938 2572 et
952 2523 1001 2570 tan·

100 2588 165 2643 dem
178 2586 214 2640 ad
233 2582 432 2638 sacratissimas
444 2582 571 2636 coelestis
584 2598 686 2637 coenae
698 2583 795 2652 epulas
806 2585 1002 2651 transferemur,

100 2655 254 2726 dequibus
273 2653 337 2707 vide
356 2653 442 2721 Apoe.
464 2654 547 2719 7,16.
570 2657 607 2703 17.
642 2651 753 2706 interea
774 2653 841 2707 dum
860 2655 889 2708 in
905 2663 1002 2710 terreno

101 2724 197 2779 mundi
215 2723 299 2793 hujus
317 2719 457 2791 ergastulo
497 2719 698 2790 eregrinamur,
723 2736 775 2790 pro
799 2723 938 2792 spirituali
953 2720 1001 2776 ani·

102 2811 165 2848 mae
189 2799 300 2846 nostrae
328 2788 432 2859 pabulo
461 2738 611 2842 oitinendo
634 2789 674 2842 sio
697 2804 730 2843 ex
754 2795 885 2846 veterum
910 2793 1003 2862 hymno

99 2864 185 2918 eorde
202 2859 367 2932 suspirando
386 2863 414 2912 at
433 2873 479 2911 ore
496 2857 692 2927 ingeminando
709 2858 878 2927 psallamus:

312 2945 390 2995 Bone
406 2943 613 3011 praetemptanda
630 2959 702 3011 rere,

312 3012 338 3064 J
342 3029 415 3079 eeu,
432 3011 524 3064 nostri
540 3012 679 3066 miserere.

315 3081 358 3132 Tu
375 3098 427 3133 nos
439 3096 536 3149 pasce,
554 3097 606 3132 nea
624 3088 710 3148 tuere,

314 3151 359 3201 Tu
377 3167 428 3201 nos
447 3151 519 3200 hona
536 3150 588 3212 fue
606 3149 711 3216 uidere,

348 3218 385 3270 In
402 3226 480 3270 terra
499 3217 654 3271 uiuentium.

316 3288 360 3339 Tu
379 3286 427 3354 qui
445 3293 545 3338 cuneta
563 3287 618 3338 seia
637 3293 663 3339 et
681 3286 768 3355 voles,
