<?xml version="1.0" encoding="UTF-8"?>
<!DOCTYPE html PUBLIC "-//W3C//DTD XHTML 1.0 Transitional//EN"
    "http://www.w3.org/TR/xhtml1/DTD/xhtml1-transitional.dtd">
<html xmlns="http://www.w3.org/1999/xhtml" xml:lang="en" lang="en">
 <head>
  <title>
</title>
<meta http-equiv="Content-Type" content="text/html;charset=utf-8" />
  <meta name='ocr-system' content='tesseract 3.04.00' />
  <meta name='ocr-capabilities' content='ocr_page ocr_carea ocr_par ocr_line ocrx_word'/>
</head>
<body>
  <div class='ocr_page' id='page_1' title='image "./dconradidieteri00dietgoog_0470.png"; bbox 0 0 2250 3772; ppageno 0'>
   <div class='ocr_carea' id='block_1_1' title="bbox 296 192 995 280">
    <p class='ocr_par' dir='ltr' id='par_1_1' title="bbox 296 192 995 280">
     <span class='ocr_line' id='line_1_1' title="bbox 296 192 995 280; baseline 0.003 -21"><span class='ocrx_word' id='word_1_1' title='bbox 296 194 349 259; x_wconf 90' lang='lat' dir='ltr'>De</span> <span class='ocrx_word' id='word_1_2' title='bbox 370 192 554 257; x_wconf 82' lang='lat' dir='ltr'><strong>adoratione</strong></span> <span class='ocrx_word' id='word_1_3' title='bbox 577 194 610 257; x_wconf 93' lang='lat' dir='ltr'>in</span> <span class='ocrx_word' id='word_1_4' title='bbox 630 217 756 280; x_wconf 83' lang='lat' dir='ltr'>genere.</span> <span class='ocrx_word' id='word_1_5' title='bbox 931 196 995 261; x_wconf 79' lang='lat'>439</span> 
     </span>
    </p>
   </div>
   <div class='ocr_carea' id='block_1_2' title="bbox 86 361 990 532">
    <p class='ocr_par' dir='ltr' id='par_1_2' title="bbox 86 361 990 532">
     <span class='ocr_line' id='line_1_2' title="bbox 86 361 990 449; baseline 0.001 -21"><span class='ocrx_word' id='word_1_6' title='bbox 86 361 232 448; x_wconf 75' lang='lat' dir='ltr'>novatio,</span> <span class='ocrx_word' id='word_1_7' title='bbox 250 362 439 448; x_wconf 81' lang='lat' dir='ltr'>gubernatio</span> <span class='ocrx_word' id='word_1_8' title='bbox 461 361 599 449; x_wconf 81' lang='lat' dir='ltr'>Spiritus</span> <span class='ocrx_word' id='word_1_9' title='bbox 621 363 736 442; x_wconf 87' lang='lat' dir='ltr'>sancti,</span> <span class='ocrx_word' id='word_1_10' title='bbox 758 364 990 429; x_wconf 77' lang='lat' dir='ltr'>constantinia</span> 
     </span>
     <span class='ocr_line' id='line_1_3' title="bbox 86 447 715 532; baseline 0.003 -21"><span class='ocrx_word' id='word_1_11' title='bbox 86 447 159 524; x_wconf 77' lang='lat' dir='ltr'>ide,</span> <span class='ocrx_word' id='word_1_12' title='bbox 182 448 417 532; x_wconf 80' lang='lat' dir='ltr'>perseverantia</span> <span class='ocrx_word' id='word_1_13' title='bbox 437 447 471 511; x_wconf 93' lang='lat' dir='ltr'>in</span> <span class='ocrx_word' id='word_1_14' title='bbox 494 447 634 512; x_wconf 86' lang='lat' dir='ltr'>adversis</span> <span class='ocrx_word' id='word_1_15' title='bbox 656 459 715 514; x_wconf 89' lang='lat' dir='ltr'>eto.</span> 
     </span>
    </p>
   </div>
   <div class='ocr_carea' id='block_1_3' title="bbox 214 573 839 675">
    <p class='ocr_par' dir='ltr' id='par_1_3' title="bbox 214 573 839 675">
     <span class='ocr_line' id='line_1_4' title="bbox 214 573 839 675; baseline -0.003 -27"><span class='ocrx_word' id='word_1_16' title='bbox 214 573 285 659; x_wconf 70' lang='grc' dir='ltr'>Ι20,</span> <span class='ocrx_word' id='word_1_17' title='bbox 325 584 410 664; x_wconf 78' lang='lat' dir='ltr'>Quae</span> <span class='ocrx_word' id='word_1_18' title='bbox 430 607 520 675; x_wconf 81' lang='lat' dir='ltr'>vocas</span> <span class='ocrx_word' id='word_1_19' title='bbox 541 586 622 649; x_wconf 79' lang='lat' dir='ltr'>barra</span> <span class='ocrx_word' id='word_1_20' title='bbox 644 584 839 668; x_wconf 81' lang='lat' dir='ltr'>corporalia?</span> 
     </span>
    </p>
   </div>
   <div class='ocr_carea' id='block_1_4' title="bbox 86 700 993 1049">
    <p class='ocr_par' dir='ltr' id='par_1_4' title="bbox 86 700 993 1049">
     <span class='ocr_line' id='line_1_5' title="bbox 170 700 993 788; baseline 0.001 -23"><span class='ocrx_word' id='word_1_21' title='bbox 170 700 264 783; x_wconf 82' lang='lat' dir='ltr'>Quae</span> <span class='ocrx_word' id='word_1_22' title='bbox 286 703 327 767; x_wconf 90' lang='lat' dir='ltr'>ad</span> <span class='ocrx_word' id='word_1_23' title='bbox 348 700 488 788; x_wconf 86' lang='lat' dir='ltr'>eorporis</span> <span class='ocrx_word' id='word_1_24' title='bbox 509 701 759 767; x_wconf 75' lang='lat' dir='ltr'>incolumitatem</span> <span class='ocrx_word' id='word_1_25' title='bbox 780 713 811 765; x_wconf 85' lang='lat' dir='ltr'>et</span> <span class='ocrx_word' id='word_1_26' title='bbox 836 702 919 766; x_wconf 89' lang='lat' dir='ltr'>vitae</span> <span class='ocrx_word' id='word_1_27' title='bbox 933 702 993 767; x_wconf 89' lang='lat' dir='ltr'>hu·</span> 
     </span>
     <span class='ocr_line' id='line_1_6' title="bbox 86 784 991 866; baseline -0.001 -15"><span class='ocrx_word' id='word_1_28' title='bbox 86 786 133 865; x_wconf 80' lang='lat' dir='ltr'>ius</span> <span class='ocrx_word' id='word_1_29' title='bbox 158 787 432 852; x_wconf 80' lang='lat' dir='ltr'>conservationem</span> <span class='ocrx_word' id='word_1_30' title='bbox 448 798 521 852; x_wconf 88' lang='lat' dir='ltr'>sunt</span> <span class='ocrx_word' id='word_1_31' title='bbox 533 786 721 851; x_wconf 76' lang='lat' dir='ltr'>necessaria.</span> <span class='ocrx_word' id='word_1_32' title='bbox 761 784 879 866; x_wconf 79' lang='lat' dir='ltr'>Qualia</span> <span class='ocrx_word' id='word_1_33' title='bbox 900 798 991 853; x_wconf 85' lang='lat' dir='ltr'>sunt:</span> 
     </span>
     <span class='ocr_line' id='line_1_7' title="bbox 86 871 993 1018; baseline 0.001 -83"><span class='ocrx_word' id='word_1_34' title='bbox 86 872 171 936; x_wconf 84' lang='lat' dir='ltr'>bona</span> <span class='ocrx_word' id='word_1_35' title='bbox 191 872 357 957; x_wconf 87' lang='lat' dir='ltr'>valetudo,</span> <span class='ocrx_word' id='word_1_36' title='bbox 380 871 527 948; x_wconf 85' lang='lat' dir='ltr'>divitiae,</span> <span class='ocrx_word' id='word_1_37' title='bbox 547 871 698 955; x_wconf 88' lang='lat' dir='ltr'>eruditio,</span> <span class='ocrx_word' id='word_1_38' title='bbox 725 872 898 1018; x_wconf 71' lang='lat' dir='ltr'>sapientia,</span> <span class='ocrx_word' id='word_1_39' title='bbox 920 872 993 957; x_wconf 94' lang='lat' dir='ltr'>pul·</span> 
     </span>
     <span class='ocr_line' id='line_1_8' title="bbox 86 956 820 1049; baseline 0.003 -29"><span class='ocrx_word' id='word_1_40' title='bbox 86 956 245 1049; x_wconf 74' lang='lat' dir='ltr'>¹elrritudo,</span> <span class='ocrx_word' id='word_1_41' title='bbox 266 957 378 1035; x_wconf 84' lang='lat' dir='ltr'>vietus,</span> <span class='ocrx_word' id='word_1_42' title='bbox 398 957 531 1021; x_wconf 90' lang='lat' dir='ltr'>amiotus</span> <span class='ocrx_word' id='word_1_43' title='bbox 552 968 583 1020; x_wconf 85' lang='lat' dir='ltr'>et</span> <span class='ocrx_word' id='word_1_44' title='bbox 605 956 727 1019; x_wconf 87' lang='lat' dir='ltr'>infinita</span> <span class='ocrx_word' id='word_1_45' title='bbox 748 957 820 1023; x_wconf 87' lang='lat' dir='ltr'>aia.</span> 
     </span>
    </p>
   </div>
   <div class='ocr_carea' id='block_1_5' title="bbox 86 1096 972 1263">
    <p class='ocr_par' dir='ltr' id='par_1_5' title="bbox 86 1096 972 1263">
     <span class='ocr_line' id='line_1_9' title="bbox 86 1096 972 1195; baseline -0.002 -20"><span class='ocrx_word' id='word_1_46' title='bbox 86 1096 161 1195; x_wconf 46' lang='grc' dir='ltr'>,’,21.Ι</span> <span class='ocrx_word' id='word_1_47' title='bbox 196 1108 313 1173; x_wconf 74' lang='lat' dir='ltr'>Samae</span> <span class='ocrx_word' id='word_1_48' title='bbox 336 1111 414 1181; x_wconf 71' lang='lat' dir='ltr'>borsa</span> <span class='ocrx_word' id='word_1_49' title='bbox 435 1109 609 1194; x_wconf 76' lang='lat' dir='ltr'>corporalia</span> <span class='ocrx_word' id='word_1_50' title='bbox 631 1120 658 1171; x_wconf 83' lang='lat' dir='ltr'>et</span> <span class='ocrx_word' id='word_1_51' title='bbox 680 1110 856 1193; x_wconf 75' lang='lat' dir='ltr'>spiritualia</span> <span class='ocrx_word' id='word_1_52' title='bbox 879 1132 972 1195; x_wconf 80' lang='lat' dir='ltr'>aeque</span> 
     </span>
     <span class='ocr_line' id='line_1_10' title="bbox 437 1192 633 1263; baseline -0.01 -6"><span class='ocrx_word' id='word_1_53' title='bbox 437 1192 633 1263; x_wconf 65' lang='lat' dir='ltr'>necessaria?</span> 
     </span>
    </p>
   </div>
   <div class='ocr_carea' id='block_1_6' title="bbox 86 1310 992 1820">
    <p class='ocr_par' dir='ltr' id='par_1_6' title="bbox 86 1310 992 1820">
     <span class='ocr_line' id='line_1_11' title="bbox 88 1310 992 1397; baseline -0.003 -21"><span class='ocrx_word' id='word_1_54' title='bbox 88 1312 102 1335; x_wconf 84' lang='lat'>&#39;&#39;</span> <span class='ocrx_word' id='word_1_55' title='bbox 169 1310 244 1376; x_wconf 84' lang='lat' dir='ltr'>Noa</span> <span class='ocrx_word' id='word_1_56' title='bbox 266 1324 354 1391; x_wconf 55' lang='lat' dir='ltr'>aaran</span> <span class='ocrx_word' id='word_1_57' title='bbox 382 1314 558 1397; x_wconf 69' lang='lat' dir='ltr'>spiritualia</span> <span class='ocrx_word' id='word_1_58' title='bbox 580 1311 664 1374; x_wconf 88' lang='lat' dir='ltr'>enim</span> <span class='ocrx_word' id='word_1_59' title='bbox 686 1311 862 1396; x_wconf 77' lang='lat' dir='ltr'>simpliciter</span> <span class='ocrx_word' id='word_1_60' title='bbox 884 1325 912 1375; x_wconf 80' lang='lat' dir='ltr'>et</span> <span class='ocrx_word' id='word_1_61' title='bbox 933 1314 992 1373; x_wconf 83' lang='lat' dir='ltr'>al-</span> 
     </span>
     <span class='ocr_line' id='line_1_12' title="bbox 86 1394 992 1480; baseline -0.002 -19"><span class='ocrx_word' id='word_1_62' title='bbox 86 1394 180 1461; x_wconf 71' lang='lat' dir='ltr'>rotate</span> <span class='ocrx_word' id='word_1_63' title='bbox 200 1407 274 1459; x_wconf 83' lang='lat' dir='ltr'>sunt</span> <span class='ocrx_word' id='word_1_64' title='bbox 291 1394 333 1459; x_wconf 86' lang='lat' dir='ltr'>ad</span> <span class='ocrx_word' id='word_1_65' title='bbox 348 1395 505 1479; x_wconf 84' lang='lat' dir='ltr'>justitiam</span> <span class='ocrx_word' id='word_1_66' title='bbox 527 1407 559 1459; x_wconf 92' lang='lat' dir='ltr'>et</span> <span class='ocrx_word' id='word_1_67' title='bbox 580 1396 715 1461; x_wconf 86' lang='lat' dir='ltr'>salutem</span> <span class='ocrx_word' id='word_1_68' title='bbox 732 1396 920 1480; x_wconf 83' lang='lat' dir='ltr'>necessaria,</span> <span class='ocrx_word' id='word_1_69' title='bbox 941 1406 992 1461; x_wconf 88' lang='lat' dir='ltr'>ut·</span> 
     </span>
     <span class='ocr_line' id='line_1_13' title="bbox 86 1479 991 1567; baseline 0 -24"><span class='ocrx_word' id='word_1_70' title='bbox 86 1490 157 1567; x_wconf 81' lang='lat' dir='ltr'>pote</span> <span class='ocrx_word' id='word_1_71' title='bbox 180 1480 249 1542; x_wconf 88' lang='lat' dir='ltr'>sine</span> <span class='ocrx_word' id='word_1_72' title='bbox 270 1479 386 1564; x_wconf 89' lang='lat' dir='ltr'>quibus</span> <span class='ocrx_word' id='word_1_73' title='bbox 408 1503 502 1544; x_wconf 91' lang='lat' dir='ltr'>nemo</span> <span class='ocrx_word' id='word_1_74' title='bbox 520 1481 632 1545; x_wconf 87' lang='lat' dir='ltr'>beatus</span> <span class='ocrx_word' id='word_1_75' title='bbox 655 1501 724 1544; x_wconf 92' lang='lat' dir='ltr'>esse</span> <span class='ocrx_word' id='word_1_76' title='bbox 740 1493 862 1565; x_wconf 82' lang='lat' dir='ltr'>potest,</span> <span class='ocrx_word' id='word_1_77' title='bbox 885 1486 991 1565; x_wconf 72' lang='lat' dir='ltr'>rorpa-</span> 
     </span>
     <span class='ocr_line' id='line_1_14' title="bbox 86 1565 989 1649; baseline 0.001 -22"><span class='ocrx_word' id='word_1_78' title='bbox 86 1566 165 1628; x_wconf 76' lang='lat' dir='ltr'>ralia</span> <span class='ocrx_word' id='word_1_79' title='bbox 186 1587 249 1628; x_wconf 83' lang='lat' dir='ltr'>aaa</span> <span class='ocrx_word' id='word_1_80' title='bbox 271 1579 341 1628; x_wconf 76' lang='lat' dir='ltr'>auat</span> <span class='ocrx_word' id='word_1_81' title='bbox 368 1567 545 1649; x_wconf 68' lang='lat' dir='ltr'>simpliciter</span> <span class='ocrx_word' id='word_1_82' title='bbox 572 1565 612 1628; x_wconf 85' lang='lat' dir='ltr'>ad</span> <span class='ocrx_word' id='word_1_83' title='bbox 641 1565 775 1628; x_wconf 86' lang='lat' dir='ltr'>salutem</span> <span class='ocrx_word' id='word_1_84' title='bbox 799 1565 989 1641; x_wconf 84' lang='lat' dir='ltr'>necessaria,</span> 
     </span>
     <span class='ocr_line' id='line_1_15' title="bbox 86 1648 989 1736; baseline -0.001 -23"><span class='ocrx_word' id='word_1_85' title='bbox 86 1648 159 1735; x_wconf 60' lang='lat' dir='ltr'>ruia</span> <span class='ocrx_word' id='word_1_86' title='bbox 179 1648 272 1712; x_wconf 87' lang='lat' dir='ltr'>multi</span> <span class='ocrx_word' id='word_1_87' title='bbox 293 1649 394 1713; x_wconf 86' lang='lat' dir='ltr'>saneti</span> <span class='ocrx_word' id='word_1_88' title='bbox 417 1649 531 1714; x_wconf 87' lang='lat' dir='ltr'>iisdem</span> <span class='ocrx_word' id='word_1_89' title='bbox 552 1651 674 1733; x_wconf 82' lang='lat' dir='ltr'>absque</span> <span class='ocrx_word' id='word_1_90' title='bbox 695 1650 861 1736; x_wconf 88' lang='lat' dir='ltr'>dispendio</span> <span class='ocrx_word' id='word_1_91' title='bbox 878 1651 989 1715; x_wconf 86' lang='lat' dir='ltr'>salutis</span> 
     </span>
     <span class='ocr_line' id='line_1_16' title="bbox 86 1734 719 1820; baseline -0.006 -19"><span class='ocrx_word' id='word_1_92' title='bbox 86 1734 252 1801; x_wconf 71' lang='lat' dir='ltr'>aruerunt</span> <span class='ocrx_word' id='word_1_93' title='bbox 273 1745 304 1797; x_wconf 88' lang='lat' dir='ltr'>et</span> <span class='ocrx_word' id='word_1_94' title='bbox 325 1734 428 1799; x_wconf 86' lang='lat' dir='ltr'>adhue</span> <span class='ocrx_word' id='word_1_95' title='bbox 450 1757 557 1799; x_wconf 85' lang='lat' dir='ltr'>carere</span> <span class='ocrx_word' id='word_1_96' title='bbox 577 1745 719 1820; x_wconf 81' lang='lat' dir='ltr'>possunt.</span> 
     </span>
    </p>
   </div>
   <div class='ocr_carea' id='block_1_7' title="bbox 100 1884 971 1971">
    <p class='ocr_par' dir='ltr' id='par_1_7' title="bbox 100 1884 971 1971">
     <span class='ocr_line' id='line_1_17' title="bbox 100 1884 971 1971; baseline -0.007 -20"><span class='ocrx_word' id='word_1_97' title='bbox 100 1886 154 1952; x_wconf 79' lang='grc'>22.</span> <span class='ocrx_word' id='word_1_98' title='bbox 189 1892 281 1950; x_wconf 82' lang='lat' dir='ltr'>Arme</span> <span class='ocrx_word' id='word_1_99' title='bbox 301 1899 329 1950; x_wconf 75' lang='lat' dir='ltr'>et</span> <span class='ocrx_word' id='word_1_100' title='bbox 350 1888 452 1953; x_wconf 80' lang='lat' dir='ltr'>eodem</span> <span class='ocrx_word' id='word_1_101' title='bbox 472 1899 602 1968; x_wconf 78' lang='lat' dir='ltr'>atraque</span> <span class='ocrx_word' id='word_1_102' title='bbox 621 1892 711 1951; x_wconf 79' lang='lat' dir='ltr'>modo</span> <span class='ocrx_word' id='word_1_103' title='bbox 734 1900 804 1951; x_wconf 79' lang='lat' dir='ltr'>auat</span> <span class='ocrx_word' id='word_1_104' title='bbox 816 1884 971 1971; x_wconf 75' lang='lat' dir='ltr'>petenda?</span> 
     </span>
    </p>
   </div>
   <div class='ocr_carea' id='block_1_8' title="bbox 86 2002 993 2596">
    <p class='ocr_par' dir='ltr' id='par_1_8' title="bbox 86 2002 993 2596">
     <span class='ocr_line' id='line_1_18' title="bbox 166 2002 992 2091; baseline 0 -24"><span class='ocrx_word' id='word_1_105' title='bbox 166 2002 244 2068; x_wconf 84' lang='lat' dir='ltr'>Noa</span> <span class='ocrx_word' id='word_1_106' title='bbox 260 2012 348 2083; x_wconf 47' lang='lat' dir='ltr'>aaa&amp;</span> <span class='ocrx_word' id='word_1_107' title='bbox 370 2003 546 2088; x_wconf 87' lang='lat' dir='ltr'>spiritualia</span> <span class='ocrx_word' id='word_1_108' title='bbox 567 2004 651 2068; x_wconf 91' lang='lat' dir='ltr'>enim</span> <span class='ocrx_word' id='word_1_109' title='bbox 674 2006 781 2069; x_wconf 90' lang='lat' dir='ltr'>aDeo</span> <span class='ocrx_word' id='word_1_110' title='bbox 802 2002 939 2091; x_wconf 87' lang='lat' dir='ltr'>petenda</span> <span class='ocrx_word' id='word_1_111' title='bbox 960 2012 992 2067; x_wconf 91' lang='lat' dir='ltr'>et</span> 
     </span>
     <span class='ocr_line' id='line_1_19' title="bbox 86 2088 993 2174; baseline -0.002 -21"><span class='ocrx_word' id='word_1_112' title='bbox 86 2088 299 2171; x_wconf 79' lang='lat' dir='ltr'>exspectanda</span> <span class='ocrx_word' id='word_1_113' title='bbox 319 2102 393 2152; x_wconf 87' lang='lat' dir='ltr'>sunt</span> <span class='ocrx_word' id='word_1_114' title='bbox 414 2092 477 2155; x_wconf 81' lang='lat' dir='ltr'>aiae</span> <span class='ocrx_word' id='word_1_115' title='bbox 500 2093 583 2152; x_wconf 82' lang='lat' dir='ltr'>amai</span> <span class='ocrx_word' id='word_1_116' title='bbox 604 2096 790 2174; x_wconf 68' lang='lat' dir='ltr'>ramptano,</span> <span class='ocrx_word' id='word_1_117' title='bbox 823 2091 993 2153; x_wconf 76' lang='lat' dir='ltr'>conditione</span> 
     </span>
     <span class='ocr_line' id='line_1_20' title="bbox 86 2172 992 2258; baseline -0.003 -20"><span class='ocrx_word' id='word_1_118' title='bbox 86 2185 109 2238; x_wconf 79' lang='lat' dir='ltr'>rt</span> <span class='ocrx_word' id='word_1_119' title='bbox 139 2176 341 2249; x_wconf 80' lang='lat' dir='ltr'>dubitatione,</span> <span class='ocrx_word' id='word_1_120' title='bbox 378 2172 555 2258; x_wconf 86' lang='lat' dir='ltr'>corporalia</span> <span class='ocrx_word' id='word_1_121' title='bbox 591 2196 665 2237; x_wconf 91' lang='lat' dir='ltr'>vero</span> <span class='ocrx_word' id='word_1_122' title='bbox 690 2174 835 2258; x_wconf 86' lang='lat' dir='ltr'>&#39;petenda</span> <span class='ocrx_word' id='word_1_123' title='bbox 865 2186 992 2258; x_wconf 82' lang='lat' dir='ltr'>semper</span> 
     </span>
     <span class='ocr_line' id='line_1_21' title="bbox 86 2257 991 2332; baseline -0.001 -12"><span class='ocrx_word' id='word_1_124' title='bbox 86 2266 155 2320; x_wconf 77' lang='lat' dir='ltr'>sunt</span> <span class='ocrx_word' id='word_1_125' title='bbox 188 2281 255 2320; x_wconf 81' lang='lat' dir='ltr'>cam</span> <span class='ocrx_word' id='word_1_126' title='bbox 282 2261 469 2332; x_wconf 78' lang='lat' dir='ltr'>conditione,</span> <span class='ocrx_word' id='word_1_127' title='bbox 502 2269 537 2321; x_wconf 90' lang='lat' dir='ltr'>ut</span> <span class='ocrx_word' id='word_1_128' title='bbox 559 2259 679 2322; x_wconf 86' lang='lat' dir='ltr'>seilicet</span> <span class='ocrx_word' id='word_1_129' title='bbox 700 2260 790 2322; x_wconf 88' lang='lat' dir='ltr'>Deus</span> <span class='ocrx_word' id='word_1_130' title='bbox 818 2258 876 2322; x_wconf 88' lang='lat' dir='ltr'>illa</span> <span class='ocrx_word' id='word_1_131' title='bbox 898 2257 991 2322; x_wconf 87' lang='lat' dir='ltr'>nobis</span> 
     </span>
     <span class='ocr_line' id='line_1_22' title="bbox 86 2340 992 2429; baseline 0.001 -24"><span class='ocrx_word' id='word_1_132' title='bbox 86 2341 237 2427; x_wconf 81' lang='lat' dir='ltr'>largiatur</span> <span class='ocrx_word' id='word_1_133' title='bbox 253 2340 349 2424; x_wconf 83' lang='lat' dir='ltr'>&#39;juxta</span> <span class='ocrx_word' id='word_1_134' title='bbox 369 2342 573 2427; x_wconf 83' lang='lat' dir='ltr'>voluntatem,</span> <span class='ocrx_word' id='word_1_135' title='bbox 600 2343 626 2406; x_wconf 92' lang='lat' dir='ltr'>si</span> <span class='ocrx_word' id='word_1_136' title='bbox 651 2344 677 2410; x_wconf 90' lang='lat'>1.</span> <span class='ocrx_word' id='word_1_137' title='bbox 700 2344 741 2407; x_wconf 89' lang='lat' dir='ltr'>ad</span> <span class='ocrx_word' id='word_1_138' title='bbox 763 2343 901 2408; x_wconf 88' lang='lat' dir='ltr'>divinam</span> <span class='ocrx_word' id='word_1_139' title='bbox 921 2344 992 2429; x_wconf 86' lang='lat' dir='ltr'>glo·</span> 
     </span>
     <span class='ocr_line' id='line_1_23' title="bbox 86 2424 992 2514; baseline 0.001 -24"><span class='ocrx_word' id='word_1_140' title='bbox 86 2426 163 2490; x_wconf 83' lang='lat' dir='ltr'>riam</span> <span class='ocrx_word' id='word_1_141' title='bbox 184 2424 414 2511; x_wconf 87' lang='lat' dir='ltr'>illustrandam,</span> <span class='ocrx_word' id='word_1_142' title='bbox 434 2430 463 2491; x_wconf 79' lang='lat'>2.</span> <span class='ocrx_word' id='word_1_143' title='bbox 484 2428 525 2490; x_wconf 88' lang='lat' dir='ltr'>ad</span> <span class='ocrx_word' id='word_1_144' title='bbox 546 2426 680 2492; x_wconf 87' lang='lat' dir='ltr'>salutem</span> <span class='ocrx_word' id='word_1_145' title='bbox 702 2442 843 2492; x_wconf 87' lang='lat' dir='ltr'>nostram</span> <span class='ocrx_word' id='word_1_146' title='bbox 863 2450 992 2514; x_wconf 88' lang='lat' dir='ltr'>promo·</span> 
     </span>
     <span class='ocr_line' id='line_1_24' title="bbox 86 2511 494 2596; baseline -0.002 -20"><span class='ocrx_word' id='word_1_147' title='bbox 86 2511 404 2596; x_wconf 83' lang='lat' dir='ltr'>rendam&#39;profutura</span> <span class='ocrx_word' id='word_1_148' title='bbox 422 2511 494 2576; x_wconf 90' lang='lat' dir='ltr'>sint.</span> 
     </span>
    </p>
   </div>
   <div class='ocr_carea' id='block_1_9' title="bbox 86 2624 992 3318">
    <p class='ocr_par' dir='ltr' id='par_1_9' title="bbox 86 2624 992 3318">
     <span class='ocr_line' id='line_1_25' title="bbox 90 2624 992 2698; baseline 0 -17"><span class='ocrx_word' id='word_1_149' title='bbox 90 2626 93 2631; x_wconf 82' lang='lat'>&#39;</span> <span class='ocrx_word' id='word_1_150' title='bbox 165 2624 249 2682; x_wconf 84' lang='lat' dir='ltr'>Ratio</span> <span class='ocrx_word' id='word_1_151' title='bbox 275 2627 444 2683; x_wconf 85' lang='lat' dir='ltr'>diversitatis</span> <span class='ocrx_word' id='word_1_152' title='bbox 466 2634 522 2698; x_wconf 89' lang='lat' dir='ltr'>est,</span> <span class='ocrx_word' id='word_1_153' title='bbox 540 2628 606 2698; x_wconf 91' lang='lat' dir='ltr'>quia</span> <span class='ocrx_word' id='word_1_154' title='bbox 625 2629 778 2698; x_wconf 85' lang='lat' dir='ltr'>spiritualia</span> <span class='ocrx_word' id='word_1_155' title='bbox 794 2630 868 2685; x_wconf 94' lang='lat' dir='ltr'>bona</span> <span class='ocrx_word' id='word_1_156' title='bbox 888 2633 909 2685; x_wconf 87' lang='lat'>1.</span> <span class='ocrx_word' id='word_1_157' title='bbox 927 2629 992 2682; x_wconf 88' lang='lat' dir='ltr'>sim·</span> 
     </span>
     <span class='ocr_line' id='line_1_26' title="bbox 86 2695 991 2821; baseline 0 -70"><span class='ocrx_word' id='word_1_158' title='bbox 86 2696 203 2821; x_wconf 66' lang='lat' dir='ltr'>pliciter,</span> <span class='ocrx_word' id='word_1_159' title='bbox 222 2695 348 2752; x_wconf 89' lang='lat' dir='ltr'>absolute</span> <span class='ocrx_word' id='word_1_160' title='bbox 367 2702 397 2752; x_wconf 91' lang='lat' dir='ltr'>et</span> <span class='ocrx_word' id='word_1_161' title='bbox 414 2697 518 2766; x_wconf 88' lang='lat' dir='ltr'>absque</span> <span class='ocrx_word' id='word_1_162' title='bbox 544 2697 602 2750; x_wconf 91' lang='lat' dir='ltr'>ulla</span> <span class='ocrx_word' id='word_1_163' title='bbox 620 2698 749 2751; x_wconf 84' lang='lat' dir='ltr'>utilitatis</span> <span class='ocrx_word' id='word_1_164' title='bbox 767 2699 923 2753; x_wconf 81' lang='lat' dir='ltr'>conditione</span> <span class='ocrx_word' id='word_1_165' title='bbox 941 2713 991 2751; x_wconf 92' lang='lat' dir='ltr'>no·</span> 
     </span>
     <span class='ocr_line' id='line_1_27' title="bbox 100 2764 991 2836; baseline 0 -17"><span class='ocrx_word' id='word_1_166' title='bbox 100 2764 175 2819; x_wconf 86' lang='lat' dir='ltr'>isin</span> <span class='ocrx_word' id='word_1_167' title='bbox 193 2765 278 2819; x_wconf 86' lang='lat' dir='ltr'>verbo</span> <span class='ocrx_word' id='word_1_168' title='bbox 301 2766 437 2836; x_wconf 88' lang='lat' dir='ltr'>promissa</span> <span class='ocrx_word' id='word_1_169' title='bbox 463 2771 534 2819; x_wconf 84' lang='lat' dir='ltr'>sunt.</span> <span class='ocrx_word' id='word_1_170' title='bbox 571 2765 666 2820; x_wconf 85' lang='lat' dir='ltr'>Omnis</span> <span class='ocrx_word' id='word_1_171' title='bbox 711 2767 738 2820; x_wconf 88' lang='lat' dir='ltr'>ui</span> <span class='ocrx_word' id='word_1_172' title='bbox 757 2767 925 2822; x_wconf 81' lang='lat' dir='ltr'>invocaverit</span> <span class='ocrx_word' id='word_1_173' title='bbox 943 2783 991 2819; x_wconf 91' lang='lat' dir='ltr'>no-</span> 
     </span>
     <span class='ocr_line' id='line_1_28' title="bbox 86 2786 707 2903; baseline 0 -14"><span class='ocrx_word' id='word_1_174' title='bbox 86 2850 145 2889; x_wconf 81' lang='lat' dir='ltr'>man</span> <span class='ocrx_word' id='word_1_175' title='bbox 164 2830 293 2903; x_wconf 82' lang='lat' dir='ltr'>Domini,</span> <span class='ocrx_word' id='word_1_176' title='bbox 309 2834 402 2889; x_wconf 85' lang='lat' dir='ltr'>salvus</span> <span class='ocrx_word' id='word_1_177' title='bbox 423 2835 489 2902; x_wconf 86' lang='lat' dir='ltr'>erit,</span> <span class='ocrx_word' id='word_1_178' title='bbox 506 2836 586 2888; x_wconf 85' lang='lat' dir='ltr'>Ram.</span> <span class='ocrx_word' id='word_1_179' title='bbox 604 2838 648 2899; x_wconf 74' lang='lat'>10,</span> <span class='ocrx_word' id='word_1_180' title='bbox 666 2786 707 2889; x_wconf 67' lang='lat' dir='ltr'>Ii</span> 
     </span>
     <span class='ocr_line' id='line_1_29' title="bbox 86 2902 988 2973; baseline -0.001 -16"><span class='ocrx_word' id='word_1_181' title='bbox 86 2906 207 2957; x_wconf 83' lang='lat' dir='ltr'>ramento</span> <span class='ocrx_word' id='word_1_182' title='bbox 223 2902 298 2957; x_wconf 89' lang='lat' dir='ltr'>Deus</span> <span class='ocrx_word' id='word_1_183' title='bbox 307 2903 433 2973; x_wconf 81' lang='lat' dir='ltr'>promisit</span> <span class='ocrx_word' id='word_1_184' title='bbox 441 2920 471 2957; x_wconf 91' lang='lat' dir='ltr'>se</span> <span class='ocrx_word' id='word_1_185' title='bbox 488 2903 563 2958; x_wconf 92' lang='lat' dir='ltr'>nolle</span> <span class='ocrx_word' id='word_1_186' title='bbox 581 2910 697 2959; x_wconf 90' lang='lat' dir='ltr'>mortem</span> <span class='ocrx_word' id='word_1_187' title='bbox 709 2905 871 2972; x_wconf 83' lang='lat' dir='ltr'>peccatoris,</span> <span class='ocrx_word' id='word_1_188' title='bbox 888 2902 988 2959; x_wconf 70' lang='lat' dir='ltr'>Eraria.</span> 
     </span>
     <span class='ocr_line' id='line_1_30' title="bbox 86 2969 987 3043; baseline 0.003 -18"><span class='ocrx_word' id='word_1_189' title='bbox 86 2974 125 3039; x_wconf 73' lang='lat'>33,</span> <span class='ocrx_word' id='word_1_190' title='bbox 144 2973 188 3023; x_wconf 86' lang='lat'>11.</span> <span class='ocrx_word' id='word_1_191' title='bbox 222 2969 303 3025; x_wconf 85' lang='lat' dir='ltr'>Velle</span> <span class='ocrx_word' id='word_1_192' title='bbox 329 2971 396 3027; x_wconf 88' lang='lat' dir='ltr'>dare</span> <span class='ocrx_word' id='word_1_193' title='bbox 416 2972 549 3040; x_wconf 88' lang='lat' dir='ltr'>Spiritum</span> <span class='ocrx_word' id='word_1_194' title='bbox 575 2977 700 3026; x_wconf 83' lang='lat' dir='ltr'>sanetum</span> <span class='ocrx_word' id='word_1_195' title='bbox 719 2972 892 3043; x_wconf 87' lang='lat' dir='ltr'>petentibus,</span> <span class='ocrx_word' id='word_1_196' title='bbox 920 2976 987 3028; x_wconf 81' lang='lat' dir='ltr'>Lar.</span> 
     </span>
     <span class='ocr_line' id='line_1_31' title="bbox 86 3038 986 3109; baseline 0.001 -14"><span class='ocrx_word' id='word_1_197' title='bbox 86 3042 121 3109; x_wconf 81' lang='lat' dir='ltr'>ll,</span> <span class='ocrx_word' id='word_1_198' title='bbox 141 3040 185 3093; x_wconf 84' lang='grc'>13.</span> <span class='ocrx_word' id='word_1_199' title='bbox 210 3038 292 3095; x_wconf 86' lang='lat' dir='ltr'>Velle</span> <span class='ocrx_word' id='word_1_200' title='bbox 312 3056 405 3095; x_wconf 84' lang='lat' dir='ltr'>omnes</span> <span class='ocrx_word' id='word_1_201' title='bbox 423 3040 514 3094; x_wconf 84' lang='lat' dir='ltr'>salvos</span> <span class='ocrx_word' id='word_1_202' title='bbox 530 3039 598 3104; x_wconf 88' lang='lat' dir='ltr'>fieri,</span> <span class='ocrx_word' id='word_1_203' title='bbox 615 3045 640 3096; x_wconf 93' lang='lat'>1.</span> <span class='ocrx_word' id='word_1_204' title='bbox 659 3043 728 3096; x_wconf 76' lang='lat' dir='ltr'>Tim.</span> <span class='ocrx_word' id='word_1_205' title='bbox 748 3044 774 3109; x_wconf 85' lang='lat'>2,</span> <span class='ocrx_word' id='word_1_206' title='bbox 792 3045 815 3094; x_wconf 80' lang='grc'>4.</span> <span class='ocrx_word' id='word_1_207' title='bbox 843 3042 880 3095; x_wconf 80' lang='lat' dir='ltr'>ut</span> <span class='ocrx_word' id='word_1_208' title='bbox 898 3047 922 3100; x_wconf 88' lang='lat'>3.</span> <span class='ocrx_word' id='word_1_209' title='bbox 940 3039 986 3097; x_wconf 84' lang='lat' dir='ltr'>iis-</span> 
     </span>
     <span class='ocr_line' id='line_1_32' title="bbox 86 3106 987 3181; baseline 0 -18"><span class='ocrx_word' id='word_1_210' title='bbox 86 3106 146 3165; x_wconf 83' lang='lat' dir='ltr'>lem</span> <span class='ocrx_word' id='word_1_211' title='bbox 163 3124 219 3161; x_wconf 91' lang='lat' dir='ltr'>non</span> <span class='ocrx_word' id='word_1_212' title='bbox 245 3107 299 3163; x_wconf 88' lang='lat' dir='ltr'>nisi</span> <span class='ocrx_word' id='word_1_213' title='bbox 317 3108 388 3163; x_wconf 88' lang='lat' dir='ltr'>bene</span> <span class='ocrx_word' id='word_1_214' title='bbox 406 3109 447 3162; x_wconf 92' lang='lat' dir='ltr'>uti</span> <span class='ocrx_word' id='word_1_215' title='bbox 468 3126 622 3179; x_wconf 84' lang='lat' dir='ltr'>possumus.</span> <span class='ocrx_word' id='word_1_216' title='bbox 657 3108 721 3165; x_wconf 91' lang='lat' dir='ltr'>Non</span> <span class='ocrx_word' id='word_1_217' title='bbox 739 3127 804 3181; x_wconf 83' lang='lat' dir='ltr'>ergo</span> <span class='ocrx_word' id='word_1_218' title='bbox 822 3116 903 3180; x_wconf 84' lang='lat' dir='ltr'>peto:</span> <span class='ocrx_word' id='word_1_219' title='bbox 931 3108 987 3173; x_wconf 72' lang='grc' dir='ltr'>Ι)ο-1</span> 
     </span>
     <span class='ocr_line' id='line_1_33' title="bbox 86 3174 988 3250; baseline 0.001 -18"><span class='ocrx_word' id='word_1_220' title='bbox 86 3176 165 3246; x_wconf 85' lang='lat' dir='ltr'>nine,</span> <span class='ocrx_word' id='word_1_221' title='bbox 185 3176 261 3231; x_wconf 77' lang='lat' dir='ltr'>siris</span> <span class='ocrx_word' id='word_1_222' title='bbox 280 3183 308 3232; x_wconf 92' lang='lat' dir='ltr'>et</span> <span class='ocrx_word' id='word_1_223' title='bbox 320 3177 343 3232; x_wconf 87' lang='lat' dir='ltr'>si</span> <span class='ocrx_word' id='word_1_224' title='bbox 356 3174 428 3231; x_wconf 86' lang='lat' dir='ltr'>milri</span> <span class='ocrx_word' id='word_1_225' title='bbox 445 3177 515 3232; x_wconf 90' lang='lat' dir='ltr'>utile</span> <span class='ocrx_word' id='word_1_226' title='bbox 533 3183 581 3239; x_wconf 83' lang='lat' dir='ltr'>aet,</span> <span class='ocrx_word' id='word_1_227' title='bbox 601 3178 710 3233; x_wconf 85' lang='lat' dir='ltr'>remitte</span> <span class='ocrx_word' id='word_1_228' title='bbox 728 3178 795 3233; x_wconf 91' lang='lat' dir='ltr'>mihi</span> <span class='ocrx_word' id='word_1_229' title='bbox 808 3185 932 3250; x_wconf 80' lang='lat' dir='ltr'>peecata,</span> <span class='ocrx_word' id='word_1_230' title='bbox 950 3178 988 3233; x_wconf 86' lang='lat' dir='ltr'>da</span> 
     </span>
     <span class='ocr_line' id='line_1_34' title="bbox 86 3243 990 3318; baseline -0.002 -15"><span class='ocrx_word' id='word_1_231' title='bbox 86 3244 147 3303; x_wconf 86' lang='lat' dir='ltr'>nihi</span> <span class='ocrx_word' id='word_1_232' title='bbox 167 3243 300 3315; x_wconf 82' lang='lat' dir='ltr'>Spiritum</span> <span class='ocrx_word' id='word_1_233' title='bbox 318 3253 445 3301; x_wconf 85' lang='lat' dir='ltr'>sanetum</span> <span class='ocrx_word' id='word_1_234' title='bbox 461 3251 512 3303; x_wconf 84' lang='lat' dir='ltr'>ete.</span> <span class='ocrx_word' id='word_1_235' title='bbox 543 3244 624 3300; x_wconf 81' lang='lat' dir='ltr'>Certo</span> <span class='ocrx_word' id='word_1_236' title='bbox 636 3254 912 3318; x_wconf 84' lang='lat' dir='ltr'>namqueutrumque</span> <span class='ocrx_word' id='word_1_237' title='bbox 925 3264 990 3303; x_wconf 81' lang='lat' dir='ltr'>aon·</span> 
     </span>
    </p>
   </div>
   <div class='ocr_carea' id='block_1_10' title="bbox 703 2836 990 2906">
    <p class='ocr_par' dir='ltr' id='par_1_10' title="bbox 703 2836 990 2906">
     <span class='ocr_line' id='line_1_35' title="bbox 703 2836 990 2906; baseline 0.007 -18"><span class='ocrx_word' id='word_1_238' title='bbox 703 2877 709 2888; x_wconf 91' lang='lat'><strong>.</strong></span> <span class='ocrx_word' id='word_1_239' title='bbox 745 2836 887 2890; x_wconf 88' lang='lat' dir='ltr'>Mediante</span> <span class='ocrx_word' id='word_1_240' title='bbox 906 2842 929 2890; x_wconf 87' lang='lat'>2.</span> <span class='ocrx_word' id='word_1_241' title='bbox 943 2836 990 2906; x_wconf 91' lang='lat' dir='ltr'>ju-</span> 
     </span>
    </p>
   </div>
   <div class='ocr_carea' id='block_1_11' title="bbox 0 0 1130 3772">
    <p class='ocr_par' dir='ltr' id='par_1_11' title="bbox 0 0 1130 3772">
     <span class='ocr_line' id='line_1_36' title="bbox 0 0 1130 3772; baseline 0 0"><span class='ocrx_word' id='word_1_242' title='bbox 0 0 1130 3772; x_wconf 95' lang='lat' dir='ltr'> </span> 
     </span>
    </p>
   </div>
  </div>
 </body>
</html>
