2250 3772
104 274 168 343 292
240 270 349 360 Caput
367 270 411 339 II.
453 272 507 337 De
528 270 677 358 symbolo
700 270 889 359 apostolico.

105 459 129 497 e.
146 445 173 506 5,
190 444 243 509 10,·
258 442 405 505 redemtor,
424 441 491 497 Joh,
515 444 556 508 19,
572 444 628 508 25,-
648 457 738 512 agnus
755 439 819 501 Dei,
837 440 955 501 Jah.1‚l

106 510 273 574 advocatus,
289 512 371 564 Rom.
392 513 416 575 8,
434 514 487 575 345
506 511 642 573 salvator,
662 518 730 563 Luc.
750 512 778 579 2,
799 512 846 575 113
861 522 955 563 recum

105 587 158 646 tor,
176 581 255 633 liam,
274 582 301 643 3,
323 582 360 633 25
371 587 431 647 ete,
447 580 528 649 cujus
547 578 632 633 officii
651 585 750 648 typum
900 583 955 631 tm

108 647 293 784 dooebthmT)
314 649 403 703 veluti
421 648 564 719 eleganter
583 648 666 703 docet
683 594 955 719 epistofflebn

107 733 158 789 per
266 760 271 769 .

129 837 158 900 6.
194 839 236 900 In
258 859 388 920 quonam
414 838 486 900 haec
509 834 630 899 Christi
650 838 821 901 ohedientia
843 834 955 899 consini

195 952 351 1019 Consistit
372 955 400 1020 1.
422 954 455 1017 in
471 975 520 1031 eo,
546 954 633 1036 quod
651 953 718 1038 legi
739 954 893 1018 obediens
906 952 955 1017 foa

109 1038 243 1103 eandem
275 1040 308 1103 in
338 1039 486 1103 omnibus
518 1039 753 1139 suisopartibus
782 1037 955 1125 perfectissi]

109 1124 197 1209 quod
218 1125 311 1188 nobis
332 1125 462 1208 quidem
481 1125 567 1188 factu
589 1122 788 1210 impossibile
810 1135 892 1201 erat,
917 1122 955 1187 ul

107 1208 216 1295 plevit‚
236 1210 349 1275 March.
369 1210 400 1291 5,
420 1210 475 1285 173
498 1211 589 1274 Rom.
612 1212 642 1291 b,
666 1211 722 1286 193
748 1209 818 1276 Gal.
838 1210 868 1294 4,
889 1210 918 1275 4.

193 1295 224 1360 2.
245 1293 285 1357 In
307 1316 355 1369 eo,
378 1294 465 1378 quod
484 1294 822 1377 ignominiosissimam
835 1305 955 1359 mortem

110 1402 166 1443 ara
185 1378 287 1443 crucis
306 1401 365 1463 pro
386 1379 480 1478 nobis
496 1379 648 1527 pertulit,
677 1390 713 1442 ut
727 1401 803 1480 'nos
824 1402 846 1443 a
867 1388 955 1443 morte

109 1475 238 1528 aeterna
259 1464 462 1528 damnatrone
482 1464 506 1527 l1
530 1475 648 1548 eraret,
669 1465 750 1528 Phil.
772 1465 803 1550 2,
823 1466 860 1541 83
889 1462 955 1531 uf

108 1549 139 1634 2,
161 1550 219 1624 243
252 1556 278 1615 l.
300 1551 373 1613 ιΙοΙι.
395 1551 426 1626 2,
447 1550 477 1616 2.

179 1664 235 1731 (Ob
254 1665 328 1719 hanc
345 1665 431 1735 igitur
449 1664 675 1730 satisfactionem,
693 1663 797 1720 dicitnr
816 1665 955 1733 Christus}

109 1734 169 1806 prie
187 1742 279 1789 noster
294 1737 472 1802 reclinantem
491 1751 573 1804 quam
592 1734 809 1788 satisfactionem
828 1730 955 1805 vulgudis

109 1809 201 1876 gaunt
218 1804 247 1856 in
264 1802 451 1857 obedientiam
469 1801 571 1856 Christi
590 1806 726 1870 activam,
744 1820 818 1874 quae
833 1803 865 1856 in
880 1800 955 1873 periet

109 1874 180 1928 aima
198 1872 269 1943 legis
287 1872 460 1941 impletione,
485 1877 514 1925 et
528 1873 684 1939 passivam,
709 1873 829 1943 quaein
848 1870 955 1926 sufficiet

109 1942 180 1995 sima
201 1957 350 2011 poenarum
370 1940 557 2009 persolutione
578 1940 726 2007 consistat3
747 1941 796 1995 illa
811 1946 955 2010 peccatam

110 2011 210 2076 sionis,
229 2010 282 2063 hac
301 2018 418 2079 peecata
435 2010 632 2062 commissionis
650 2009 761 2079 expiata
779 2016 913 2064 asserunt.
938 2006 955 2071 Q

112 2079 253 2132 distinctio
274 2096 330 2131 non
345 2077 455 2130 videtur
472 2078 540 2130 satis
559 2077 713 2148 exquisita,
738 2079 787 2132 sed
812 2076 869 2131 κατ’
890 2076 955 2147 ἔξοχὶ

111 2147 211 2217 potiori
229 2152 336 2200 tantum
356 2146 527 2215 populariter
552 2147 592 2200 sic
618 2147 808 2214 denominata,
832 2164 895 2201 cum
911 2161 955 2215 pas

111 2216 230 2268 activam
244 2215 374 2268 includat.
395 2232 449 2268 non
462 2215 600 2272 excludat.
618 2215 684 2295 quia
695 2215 827 2271 inmedia
838 2216 920 2270 etiam
931 2230 954 2266 m

111 2281 226 2337 mirifice
248 2300 278 2337 se
301 2282 404 2337 Christi
428 2283 587 2337 obedientia
607 2291 695 2336 virtus
713 2291 742 2338 et
760 2285 874 2338 dilectio
891 2298 955 2340 esser

114 2351 179 2406 vide
206 2352 291 2404 Hehr.
311 2355 341 2409 2.
361 2357 400 2404 14.
436 2352 473 2405 Et.
499 2352 539 2405 sic
556 2369 652 2405 revera
663 2354 728 2418 fnit
746 2355 823 2406 aetio
838 2354 955 2421 passae,

106 2421 206 2490 passio
217 2420 318 2485 activa
335 2421 494 2475 Bernhard.
506 2437 622 2473 sermon.
635 2421 669 2474 de
678 2438 751 2490 pass.
762 2422 844 2479 Dom.
853 2422 903 2477 col
916 2426 955 2475 ns

112 2489 169 2546 Ubi
179 2489 301 2542 notanda
311 2490 462 2543 axiomata:
486 2497 506 2543 1.
516 2499 574 2541 tota
587 2491 692 2544 Christi
701 2491 863 2544 ohedientia
875 2491 903 2543 in
912 2494 955 2543 ach

113 2567 138 2613 et
150 2558 285 2629 passione
303 2567 343 2611 est
356 2575 429 2625 pars
444 2559 537 2626 officii
547 2560 745 2626 sacerdotalis,
764 2561 848 2628 cajus
859 2568 955 2612 tatami

110 2628 237 2681 stituitur
259 2630 409 2680 accedente
436 2629 632 2679 intercessione
652 2629 760 2681 Christi
774 2646 829 2696 pro
846 2628 929 2682 nohis

113 2714 167 2768 que
189 2702 213 2750 2.
231 2714 318 2763 nepae
332 2698 394 2747 sola
414 2696 570 2747 obidientia
583 2696 690 2749 Christi
706 2698 808 2765 activa,
827 2698 936 2750 esclusa
945 2710 955 2761 ι

111 2770 180 2830 siva,
199 2782 287 2832 neque
305 2766 366 2817 sola
378 2765 497 2832 passiva
515 2767 628 2816 esslnsa
646 2767 747 2831 activa,
765 2768 818 2818 sed
829 2775 955 2833 utraque«

108 2836 220 2904 juncta,
239 2834 299 2897 (hoc
313 2840 363 2891 est,
382 2840 413 2885 ut
426 2833 536 2901 proprie
549 2834 694 2902 loquamur
705 2851 767 2886 curn
781 2832 927 2903 Scriptura,
943 2846 955 2909 q

111 2920 168 2957 non
186 2902 240 2956 nisi
257 2918 340 2955 unam
359 2903 437 2956 novit
455 2901 555 2954 Christi
576 2902 773 2955 obedientiam)
799 2911 857 2956 tota
880 2904 955 2955 arses

131 2991 166 3024 ra
183 2973 342 3025 ohedientia
355 2971 459 3024 Christi
470 2972 645 3023 crcrhntihns
657 2972 850 3039 seljastitium
861 2971 895 3023 im
916 2976 954 3021 uta

111 2993 177 3096 hid.
199 3040 399 3110 oppositionem
418 3039 630 3106 inobedientiae,
648 3046 676 3092 et
696 3040 878 3095 obedientiae.
895 2988 954 3093 iria

111 3113 154 3164 19.
188 3112 279 3162 hrrul
296 3108 382 3177 igitur
404 3114 423 3161 l.
442 3110 576 3160 Piscator
589 3109 806 3174 Hrrharnensc's,
825 3109 870 3180 qui
887 3106 955 3161 solas

113 3177 218 3230 dientia
244 3194 367 3245 passiva,
392 3177 450 3229 sive
478 3176 585 3241 mortis,
611 3178 650 3229 uti
670 3184 765 3241 vocat,
784 3195 834 3246 pro
852 3167 955 3247 110be

111 3252 184 3298 stum
200 3246 382 3309 satisfecisse,
406 3244 590 3298 obedientiam
607 3262 672 3299 vero
691 3246 827 3315 activam,
850 3252 955 3315 quamv!

114 3316 251 3382 nominat,
279 3314 419 3368 Christum
435 3330 491 3366 nou
508 3330 559 3382 pro
577 3315 671 3369 nobis.
696 3316 747 3369 sed
762 3332 814 3385 pro
832 3334 872 3383 se,
888 3320 955 3377 aru
