2250 3772
274 234 328 299 De
349 234 471 299 viribus
490 233 585 298 liberi
606 234 740 299 arbitrii.
911 233 976 301 329

86 399 321 483 ingustconfess.
339 407 389 457 art.
406 407 444 457 18.
464 420 492 473 p.
509 408 558 457 715
572 418 660 475 seqq.‚
677 401 728 457 ubi
744 402 911 474 praecipuae
927 403 979 459 ob·

86 480 198 527 senones
214 471 301 541 plane
319 476 348 525 et
364 470 446 541 plene
463 470 638 538 refutantur.)

86 606 108 673 4.
140 605 254 685 Quibus
281 620 382 672 autem
410 610 518 673 mediis
539 609 677 693 Spiritus
699 621 823 673 sanetus
851 612 885 673 in
904 632 978 675 eon-

304 695 443 757 versione
464 694 597 757 dominis
617 694 737 758 utitur?

151 809 213 877 Per
232 832 272 876 ev
337 797 435 876 elium
457 834 516 877 nos
535 822 637 888 vooat,
657 811 724 875 suis
745 809 838 875 donis
857 809 976 874 illumi-

90 894 185 979 mtin
208 906 296 960 reeta
339 896 379 961 de
402 897 577 963 sanctificat
600 907 632 960 et
650 907 825 964 conservat.

118 1012 328 1091 ,fflraugelium
344 1019 388 1069 est
404 1015 526 1069 medium
547 1013 732 1070 eonversionis
757 1013 886 1085 primum.
921 1013 974 1067 Est

92 1092 147 1133 mm
159 1082 337 1138 ministerium
357 1084 485 1154 spiritus,
503 1087 531 1141 2.
551 1085 616 1140 Cor.
634 1086 662 1147 3,
680 1087 710 1152 8,
734 1088 764 1138 et
781 1082 904 1154 potentia
920 1080 975 1136 Dei

92 1146 121 1201 sd
133 1150 236 1205 salntem
257 1152 332 1206 omni
352 1153 490 1213 eredenti.
508 1154 590 1206 Rom.
609 1155 634 1219 1,
654 1155 705 1220 16,
725 1159 754 1207 et
770 1152 886 1206 verbum
907 1150 975 1204 diei·

92 1218 128 1269 tur
145 1219 294 1275 vehiculum
311 1220 430 1291 Spiritus
456 1221 553 1277 saneti.
592 1219 720 1275 Alterum
738 1226 781 1276 est
801 1237 867 1274 usus
884 1236 975 1273 saera-

92 1290 230 1357 uentorum,
256 1306 308 1360 per
334 1306 406 1360 quaa
428 1307 478 1344 nos
502 1289 604 1356 sulvat,
630 1289 685 1344 Tit.
703 1292 730 1357 3,
750 1295 782 1358 5,
809 1293 838 1343 ot
854 1288 975 1359 gratiam

92 1350 203 1425 obsignat,
219 1359 302 1412 Rom.
320 1362 345 1417 4,
367 1363 408 1413 11.
444 1358 500 1415 Ubi
519 1367 603 1411 uota:
624 1359 771 1413 conciones
788 1357 973 1429 frequentare,

91 1420 181 1500 terbum
191 1427 297 1496 audire,
313 1427 414 1498 legere,
432 1427 571 1495 meditari,
589 1428 768 1482 sacrementis
781 1428 830 1488 uti,
845 1443 905 1481 esse
916 1430 974 1480 stu·

92 1486 150 1545 dum
163 1502 188 1549 et
204 1496 391 1551 obedientiam
408 1504 550 1550 externam
568 1495 599 1549 in
616 1496 721 1550 viribus
733 1496 835 1550 nostris
846 1495 974 1565 positam,

170 1570 195 1618 et
210 1581 267 1618 non
285 1565 374 1619 renati
392 1571 533 1635 praestare
545 1571 661 1634 possunt
672 1582 705 1619 ae
719 1565 829 1620 debent
859 1565 899 1618 At
913 1581 974 1618 ver-

90 1574 260 1702 meorum,
278 1633 404 1688 audium
416 1639 477 1698 eto,
495 1633 658 1755 intellipere,
677 1634 821 1704 eidemque
838 1632 975 1702 assentiri,

91 1708 176 1831 Ψιιο
199 1706 277 1756 motu
304 1707 333 1756 et
355 1702 460 1756 viribus
489 1708 589 1756 natura
601 1702 662 1756 ibus
688 1703 769 1757 homo
792 1718 847 1756 non
871 1706 974 1783 potest,

121 1762 183 1846 ditus
209 1777 322 1825 sanetus
349 1776 442 1825 eutem
470 1788 520 1840 per
543 1771 596 1824 hoo
618 1770 708 1840 ipsum
735 1788 870 1841 organum
896 1770 973 1825 verbi

91 1832 176 1891 mdiu
192 1845 220 1893 et
238 1856 305 1893 usus
323 1848 557 1894 sacramentorum
575 1838 674 1894 efficax
695 1846 745 1900 est,
766 1844 794 1893 et
813 1856 864 1892 sua
881 1838 974 1910 grstia

91 1906 268 1963 unvenionem
285 1913 422 1977 operetur.
461 1908 572 1963 Placuit
590 1908 650 1962 Deo
666 1926 716 1977 per·
732 1907 845 1962 stultam
864 1906 973 1977 praedi·

92 1968 199 2029 sunem
216 1981 284 2045 eto,
308 1980 331 2029 1.
353 1978 416 2033 Cor.
435 1980 460 2044 1,
478 1980 514 2031 21
532 1986 558 2031 et
577 1994 651 2044 seqq.
694 1976 775 2042 Quod
799 1992 864 2031 voro
882 1975 974 2047 gratia

91 2031 141 2117 isse
153 2061 205 2099 non
222 2044 350 2100 omnibus
369 2045 497 2116 obtingit.
517 2046 659 2100 hominum
674 2044 788 2100 erimine
799 2043 839 2111 fit,
857 2047 906 2114 qui
918 2060 973 2098 me·

92 2102 146 2163 dm
160 2111 211 2168 hoo
228 2114 275 2168 rel
292 2114 435 2183 rejectant,
453 2114 497 2169 vel
509 2132 565 2168 non
576 2131 617 2182 ea,
636 2130 692 2184 qua
705 2114 793 2179 deoet,
811 2113 974 2181 reverentis,

91 2176 365 2238 studioaoattentione
377 2188 555 2253 pertractant,
588 2186 700 2237 Errant
711 2182 798 2253 igitur
811 2183 973 2237 Sohwonek·
1022 2239 1025 2243 ,

86 2240 200 2317 sdds'oos',
224 2252 433 2322 Asabaptistae
452 2260 479 2305 et
496 2252 712 2320 Enthuse‘ostae,
739 2252 786 2323 qui
804 2253 895 2306 Deum
914 2250 974 2307 sins

89 2322 127 2391 lta
142 2319 215 2374 verbi
242 2326 271 2374 et
294 2325 527 2374 sacramentorum
544 2338 595 2390 per
617 2318 736 2374 visiones
756 2327 785 2375 et
801 2320 914 2375 afflatus
933 2319 973 2373 di·

88 2388 355 2444 musonversionem
371 2388 480 2459 operari
494 2394 643 2460 nugantur,
660 2388 779 2460 ideoque
790 2388 974 2444 Enthusiasti·

87 2460 130 2575 ἦ
139 2464 229 2580 rssptrlps
255 2457 374 2582 Spiriltps
393 2459 482 2583 sarlsgff
499 2458 807 2581 flensideegxspepgant.
833 2457 973 2581 nlfdrategss

219 2543 306 2581 aeres.
359 2566 366 2580 .
404 2570 410 2583 .
480 2568 486 2580 .
530 2545 604 2581 rsor.
651 2545 669 2580 u
755 2546 781 2581 n.
799 2543 832 2582 oo
864 2544 917 2581 ess.

88 2587 171 2650 ”dett
188 2594 316 2665 prophet.
339 2613 366 2665 p.
381 2545 422 2653 ii).
456 2597 588 2661 Ws'pand.
607 2544 738 2664 enabgaupit.
758 2614 785 2666 p.
800 2602 822 2650 t.
858 2594 972 2662 Weipel.

87 2662 141 2718 Μ
153 2668 178 2719 2.
195 2663 300 2734 postill.
318 2681 345 2733 p.
365 2670 406 2719 34.
426 2670 468 2719 61.
487 2664 552 2718 disl.
574 2664 609 2718 ds
622 2663 721 2719 Christ
741 2682 768 2734 p.
781 2668 804 2719 8.
818 2669 859 2718 53.
874 2669 916 2718 64.
929 2667 971 2717 88.

88 2718 138 2781 liiii
150 2732 263 2802 passim.
301 2733 384 2787 Nihil
403 2734 511 2795 obstat,
535 2734 602 2786 Joh.
622 2735 650 2801 3,
669 2736 715 2787 27.
757 2734 887 2813 Wipaud.
906 2747 972 2785 ana-

87 2782 143 2863 Μ-
160 2818 226 2882 pag.
248 2806 306 2858 278.
342 2800 532 2867 Homoenim
556 2819 612 2856 non
633 2807 727 2871 potest
752 2816 879 2871 aeorpsrs
896 2798 972 2869 quio·

88 2870 162 2945 Μ,
177 2869 231 2923 msi
247 2870 329 2924 detur
346 2870 372 2924 ei
390 2886 406 2924 e
425 2871 516 2940 coelo,
540 2870 648 2925 seilicet
666 2887 684 2924 a
700 2869 761 2923 Deo
779 2886 830 2939 per
847 2868 972 2939 legitima

88 2930 162 3005 &dra
196 2940 291 2994 Nee2
319 2940 410 2993 obstat
431 2940 491 2992 Joh
519 2941 546 3006 6,
564 2942 608 2993 44.
644 2938 730 2992 Peter
754 2938 900 2993 enim'non
915 2941 972 2991 tra·

87 2986 119 3049 iu
138 3001 270 3062 hominem
298 3007 432 3062 violenter
456 3012 484 3062 ot
510 3012 624 3075 oouote,
649 3006 699 3062 sed
722 3006 824 3061 virtute
854 3004 973 3075 Spiritus

88 3071 160 3141 Usi,
171 3076 251 3145 juxta
269 3076 392 3131 ordinem
412 3093 429 3130 s.
446 3093 476 3131 se
489 3076 631 3131 decretum
648 3080 676 3129 et
689 3074 854 3137 institutum,
872 3089 973 3144 nempe

89 3141 305 3253 &auditionem
329 3144 415 3200 verbi.
454 3147 515 3199 Neo
540 3151 564 3200 3.
583 3145 672 3198 obstat
688 3144 746 3197 Jolr
774 3147 799 3211 6,
818 3147 863 3198 45.
898 3141 974 3199 Vide

138 3207 351 3278 Sotweuckfeld.
365 3217 386 3268 t.
400 3220 422 3273 1.
439 3214 518 3284 epist.
529 3219 571 3269 90.
610 3230 655 3283 ag.
669 3218 726 3267 777.
747 3218 805 3268 780.
839 3212 973 3281 Wipoud.

90 3264 153 3344 ὡς.
166 3279 214 3337 loo.
250 3281 353 3337 Omnes
370 3288 453 3337 erunt
471 3282 575 3337 doetia
614 3298 654 3345 eo,
673 3279 780 3336 scilieet
790 3296 842 3352 per
858 3281 974 3337 verbum
