2250 3772
108 236 171 300 162
346 235 452 322 Caput
473 238 498 300 Ι.
543 238 594 302 De
615 238 779 325 decalogo.

463 346 472 383 Ι

110 406 227 475 scriptas
245 404 354 459 tabulas
373 404 509 474 proferat!
536 403 700 459 Sanctorum
715 405 762 459 hic
780 411 905 462 veterum

111 475 212 529 obstat.
248 472 322 529 Vide
341 472 492 528 06661161.
515 480 537 527 7.
557 474 589 526 L.
606 474 688 528 theol.
709 492 768 544 cap.
790 483 811 532 l.
831 494 857 530 n.
875 483 896 531 1.
916 494 920 546 1

110 543 168 599 Adi
189 543 331 598 Gerkard.
351 541 384 594 L.
403 541 434 594 C.
452 549 472 594 1.
493 548 515 596 2.
534 547 558 605 ἓ.
581 548 636 597 110.
653 560 680 612 p.
702 549 752 598 644
770 561 846 616 seqq.
870 544 920 600 VI.

112 630 165 685 que
184 612 299 666 effectus
323 610 406 680 hujus
431 610 540 679 peccati
564 611 676 680 ponitur
691 618 798 681 reatus,
819 612 868 683 qui
886 620 920 668 tar

108 680 296 737 necessarium
319 695 489 759 consequens
513 679 577 732 huie
601 680 792 760 depravationi
816 682 920 752 origine

109 751 213 817 haeret,
233 752 325 801 reatus
345 753 439 801 mortis
459 753 487 801 et
504 749 662 817 temporalrs
682 754 710 803 et
727 750 913 805 damnationis

109 836 171 885 nae,
192 817 363 886 aliarumque
380 816 551 871 miserarium
569 824 597 870 et
609 817 799 872 calamitatum
817 825 920 889 tempor

107 887 186 944 Sicut
199 891 292 940 autem
309 885 370 954 ipsa
381 884 503 952 pravitas
516 902 567 954 per
584 886 723 939 carnalem
740 889 920 957 generatione

106 961 199 1011 reatus
213 955 257 1007 hic
296 970 325 1007 er
341 953 551 1022 imputationem
567 953 595 1006 in
608 959 733 1023 posteros
743 962 920 1027 propagatur

108 1023 181 1079 enim
199 1023 229 1076 in
240 973 350 1075 Adamo
367 1028 502 1092 tanquam
511 1039 603 1076 massa
622 1028 650 1076 et
667 1024 761 1078 radice
778 1026 888 1095 generis
905 1026 920 1079 h

108 1110 202 1147 omnes
222 1091 405 1172 peccavimus,
426 1097 459 1144 ut
476 1091 523 1160 qui
540 1091 569 1144 in
581 1090 683 1144 lumbis
695 1093 755 1161 ejus
768 1093 915 1161 haesimus,

108 1167 134 1231 5,
154 1165 205 1241 12.,
230 1168 269 1241 rte
296 1166 388 1214 reatus
408 1160 467 1228 ejus
484 1159 566 1240 'venit
589 1160 618 1212 in
643 1177 737 1242 omnes
755 1163 792 1242 ad
811 1162 920 1218 conden

107 1228 920 1369 talitali...littae..²¹ttttt¹.g.¹ttl⁶l.¹ttt

108 1368 156 1440 qui
181 1373 286 1437 negant
314 1371 459 1435 peccatum
492 1365 606 1436 originis
634 1383 694 1420 esse
723 1373 869 1436 peceatum
901 1370 918 1422 d

107 1442 203 1498 morte,
221 1435 270 1489 sed
287 1440 396 1488 tantum
421 1450 481 1487 esse
500 1433 638 1488 formitem
661 1436 784 1504 peccati,
814 1444 911 1492 contra

105 1507 209 1561 tionem
227 1503 352 1573 apostoli,
373 1505 452 1556 Rom.
466 1509 492 1569 ὁ,
506 1506 550 1555 12.
571 1511 598 1555 et
615 1520 688 1571 seqq.
707 1505 811 1572 Fpltea
826 1511 853 1573 2,
868 1510 895 1562 3.
914 1549 920 1559 .

108 1578 187 1629 Rom.
206 1580 284 1627 tract.
305 1573 340 1626 de
359 1577 464 1640 peccat.
483 1571 551 1640 orig.
570 1572 645 1625 citat.
665 1588 683 1624 a
703 1575 806 1626 Gestar.
825 1575 920 1629 enchir

106 1661 133 1714 p.
154 1649 219 1709 3903
243 1657 301 1696 esse
322 1640 465 1693 minimum
482 1646 642 1709 peecatum,
662 1646 691 1694 et
708 1642 799 1695 minus
818 1643 920 1697 minim<

107 1718 169 1767 cato
186 1709 295 1765 veniali.
340 1710 462 1776 Topper.
488 1709 522 1761 de
547 1715 653 1778 peccat.
678 1709 739 1780 orig
771 1711 859 1765 Andr.
885 1713 903 1766 l.

106 1783 197 1836 Plutc.
215 1780 282 1832 Luc.
304 1779 400 1830 succis.
425 1794 452 1846 p.
475 1783 530 1831 118.
571 1776 625 1840 Qui
644 1777 740 1831 dicunt
763 1780 920 1849 concupisce

107 1858 130 1906 2.
148 1867 204 1903 non
217 1864 277 1903 esse
288 1853 441 1915 peccatum,
460 1846 508 1898 sed
521 1846 719 1915 appetitionem
730 1849 900 1917 naturalem,
918 1874 920 1894 ι

105 1918 270 1990 apostolum,
289 1917 372 1970 Rom.
388 1917 408 1983 7,
426 1917 447 1966 7.
482 1914 546 1968 Vid.
565 1932 626 1983 sup.
644 1922 783 1996 praecept.
793 1917 883 1970 decal.
898 1922 920 1972 9.

104 1989 184 2042 vulos
204 1994 226 2041 3.
246 1987 390 2037 damnatos
427 1999 458 2034 ro
472 1983 530 2035 solo
546 1990 662 2051 peccato
679 1983 793 2054 originis
811 1984 914 2040 habere

123 2074 221 2112 cenam
249 2052 357 2118 damni,
384 2052 393 2103 i
435 2057 489 2118 est,
516 2051 665 2104 carentiam
689 2053 802 2106 visionis
826 2061 854 2108 et
877 2054 920 2107 fru

132 2127 157 2180 ei
175 2131 226 2178 etc.
263 2122 328 2177 Vid.
349 2120 485 2173 Bellorm.
504 2120 552 2173 lib.
573 2126 597 2175 6.
616 2121 651 2174 de
670 2121 760 2176 amisa.
780 2129 849 2191 grat.
870 2128 920 2178 cl

103 2196 154 2248 col.
174 2199 224 2246 tlt
244 2208 322 2260 seqq.
359 2192 509 2242 16116661.
529 2205 561 2242 ex
580 2188 678 2242 iisdem
698 2189 745 2257 illi,
767 2190 814 2259 qui
833 2192 920 2261 ipsam

103 2268 181 2316 taxat
206 2257 409 2326 corruptionem
433 2261 564 2317 naturae,
591 2274 646 2310 non
672 2259 755 2311 etiam
779 2265 887 2313 reatum
910 2273 920 2312 1

103 2331 184 2385 nobis
211 2329 379 2396 imputatum
405 2334 547 2391 asserunt,
570 2332 598 2378 et
624 2333 720 2379 contra
736 2327 809 2380 hune
832 2331 920 2382 solum

103 2400 179 2453 illam
209 2414 259 2466 pro
290 2402 404 2464 peccato
435 2393 562 2464 originali
588 2394 705 2457 habent,
740 2397 821 2464 Piqle.
847 2404 876 2451 et
901 2397 920 2450 C

103 2469 168 2523 Vid.
188 2466 325 2519 Bellorm.
345 2465 362 2516 l.
382 2470 404 2516 Γ).
426 2463 461 2516 de
480 2462 572 2515 amisa.
594 2468 666 2532 grat.
694 2481 717 2517 6.
740 2470 779 2518 16.
802 2470 822 2519 1.
842 2473 867 2521 4.
891 2482 920 2520 66

101 2539 138 2592 D.
159 2541 187 2589 et
205 2534 255 2588 eol.
273 2550 328 2603 seq.
365 2535 457 2585 Erret
481 2532 697 2610 3661691666,
725 2534 786 2602 qui,
809 2535 861 2587 etsi
885 2552 920 2588 m(

102 2605 215 2676 quidem
234 2619 292 2657 esse
310 2607 456 2670 peceatum
475 2599 608 2668 originale
621 2606 755 2669 agnoscit,
772 2618 828 2654 non
846 2611 918 2658 tame

122 2674 223 2728 abilam
238 2687 297 2725 esse
314 2686 365 2722 nec
378 2668 563 2721 damnationis
581 2685 699 2737 poenam
717 2670 818 2724 inferre
832 2689 914 2741 posse

101 2694 320 2799 {hristianorum
351 2737 452 2790 liberos
480 2743 594 2816 propter
623 2737 747 2790 morbum
777 2739 861 2792 istum
895 2758 920 2794 a(

100 2830 157 2935 app
168 2811 238 2933 dieii)
255 2825 310 2861 non
330 2806 426 2927 attidici
439 2806 535 2928 sertrbizt
552 2805 609 2928 lpb.l
619 2806 654 2929 ldp
668 2806 801 2940 ppptism.
821 2815 841 2862 t.
862 2816 885 2865 2.
904 2810 920 2864 f.

101 2900 194 2938 er.
234 2892 457 2947 epeccaong.
489 2889 578 2927 .·..
690 2920 693 2926 .

103 3003 151 3066 13.
195 2999 318 3071 Proto,
339 3007 497 3078 peccatum
519 2997 645 3075 originis
668 3007 788 3078 616666,
813 3000 920 3060 etiae

381 3090 523 3162 posteros
539 3082 727 3164 propagari.

184 3183 346 3248 Probatur
365 3178 448 3241 inter
469 3177 531 3241 alia
552 3170 737 3242 indubitatis
756 3179 805 3242 his
827 3179 919 3266 Scrip

99 3266 308 3336 testimoniis:
346 3263 408 3327 nisi
438 3262 509 3347 quis
533 3274 660 3326 renatus
689 3263 784 3329 fuerit
813 3288 853 3329 ex
875 3288 920 3350 aqi
