2250 3772
193 213 236 279 aa
432 213 587 302 caputL
629 216 682 282 ne
705 217 869 304 aanogo.

422 384 476 450 26.
523 385 682 466 Quaem
703 397 774 449 arat
796 384 883 451 iate?

282 485 323 549 In
366 485 447 550 rimo
468 496 640 573 praecepto
662 496 737 550 aunt
754 486 834 551 haec
854 487 974 552 verba:

284 571 314 636 1.
368 592 412 656 go
441 594 513 635 sum
534 571 696 637 Dominus
714 571 805 637 Deua
827 582 911 649 tuus,
938 572 996 657 qui
1015 593 1037 637 e

198 664 231 718 te
241 653 377 719 deterre
387 655 440 720 Ae
508 656 543 733 ti,
555 657 596 721 de
608 656 705 721 domo
716 656 889 734 servitutis,
897 659 1004 721 Eeod.
1014 658 1037 723 2

283 739 314 803 2.
336 739 412 804 Non
446 762 531 804 acres
552 741 612 805 tibi
633 741 796 826 sculptile,
823 763 927 825 nequae
949 742 1037 805 uliam

199 823 413 889 militudinem
434 848 562 902 eorum,
592 848 674 909 quae
697 827 826 890 suntin
850 826 940 891 coelo
965 825 1037 891 dem

200 918 232 1008 et
252 931 335 993 quae
356 909 391 975 in
411 920 497 975 terra
517 910 684 987 deorsum,
705 934 765 975 neo
786 933 913 988 eorum,
936 932 1018 995 quae

197 1016 236 1143 ἓ
255 994 427 1146 Ἑυὶἕοειιὲ)
449 1007 554 1147 ἕως
578 1019 645 1061 non
664 994 813 1061 adorabis
829 1018 937 1080 neque
957 994 1037 1061 arrha

231 1103 254 1143 a
297 1131 304 1145 .
369 1127 378 1157 ‚
422 1133 429 1147 .
474 1133 482 1148 .

374 1215 425 1280 27.
470 1215 536 1280 Cur
557 1238 627 1280 oero
647 1218 711 1280 iota
732 1213 934 1279 omittentem?

290 1317 317 1379 1.
344 1313 432 1396 Quia
454 1316 581 1381 eductio
609 1339 650 1381 ex
679 1315 833 1401 Aegypto
852 1310 925 1378 'fuit
947 1336 985 1379 co
1024 1336 1037 1381 c

200 1399 391 1465 beneficium
404 1400 490 1466 solos
501 1400 647 1468 Judaeos
662 1421 867 1477 concernens,
881 1399 989 1483 itaque

201 1507 262 1549 nun
284 1484 472 1550 christianos
493 1509 560 1550 non
580 1486 712 1571 obligat

284 1571 314 1637 2.
338 1567 425 1650 Quia
467 1583 650 1656 raeceptum
669 1570 710 1634 de
728 1591 794 1634 non
816 1567 987 1634 adorandis
1007 1579 1037 1633 et

200 1652 303 1718 lendis
323 1654 437 1741 sculpt'
463 1656 524 1720 bue
546 1656 579 1719 in
601 1677 718 1743 genere
735 1654 914 1719 continetur
931 1654 966 1717 in
980 1652 1031 1719 his

200 1737 271 1802 bis:
294 1763 355 1803 oon
377 1741 500 1806 habebis
519 1740 606 1805 Dece
628 1741 743 1807 alienos
765 1756 868 1804 corum
889 1762 947 1823 me.

225 1890 291 1959 DE
313 1888 650 1959 SCULPTILIBUS
673 1888 765 1958 SEU
785 1888 1037 1958 IMAGINIBU

199 2010 250 2077 28.
294 2015 411 2075 Armoa
432 2032 503 2074 oero
525 2021 728 2095 praeceptum
757 2010 833 2074 illud
862 2013 899 2074 de
921 2010 1037 2094 sculpti

205 2096 364 2180 peculiare
385 2108 413 2160 et
434 2098 467 2157 in
489 2096 595 2159 ordine
616 2096 780 2158 nectendam
795 2107 996 2180 praeceptum
1018 2118 1037 2160 c

285 2210 458 2290 Quodnam
496 2210 651 2294 primum,
688 2211 813 2294 quodve
854 2209 1030 2275 secundum

199 2296 328 2359 tertium
349 2306 555 2380 praeceptum
575 2294 626 2371 sit,
646 2318 750 2378 neque
766 2296 867 2372 Deua,
888 2318 993 2378 neque
1013 2296 1037 2360 a

201 2402 252 2445 ses
274 2379 450 2465 expressit3
472 2379 585 2443 decem
603 2379 758 2445 duntaxat
779 2403 848 2445 esse
870 2381 996 2446 acimaas.

269 2495 484 2568 (Dissentienter
504 2502 570 2550 eunt
593 2503 717 2552 veterum
736 2496 771 2551 de
789 2496 965 2551 distinctione
983 2496 1037 2550 dec

200 2565 365 2647 opiniones..
386 2565 455 2646 ane
472 2565 583 2619 tabulas
600 2566 679 2634 duaa,
697 2565 798 2655 quibus
813 2572 967 2653 praecepta
984 2564 1037 2636 legu'

199 2651 261 2759 tt?
273 2633 854 2783 iderantt⁰m05⁸tttati⁰ttt
870 2638 912 2755 fd
937 2632 1037 2756 iiic*

198 2789 264 2827 nere
280 2772 404 2827 tabulam
448 2772 548 2827 riorem
570 2780 721 2843 praecepta
747 2770 782 2825 de
799 2742 940 2841 diligendo
957 2770 1020 2824 Deo

198 2842 342 2897 eteriorem
367 2840 403 2894 de
426 2790 569 2911 diligendo
590 2841 727 2911 proximo,
755 2846 863 2893 constat
889 2856 923 2893 ex
939 2810 1036 2893 Madd

197 2912 245 2968 39.
280 2909 359 2974 Quae
376 2924 441 2964 vero
460 2915 489 2964 et
508 2916 577 2981 quot
593 2909 648 2964 rint
665 2909 711 2964 vel
728 2908 817 2976 illiue,
834 2908 879 2963 vel
894 2907 979 2977 hujus
997 2907 1037 2962 tal

218 2983 365 3048 raecepta,
387 2977 515 3049 nuspiam
534 2977 703 3048 exprimitur.
743 2976 802 3031 Alii
820 2977 901 3044 enim,
919 2982 950 3029 ut
967 2974 1037 3030 Jore

197 2996 260 3102 io.
278 3045 364 3117 antiq.
384 3062 408 3101 c.
423 3053 448 3102 4.
465 3064 493 3116 p.
513 3052 545 3101 63
566 3052 594 3101 et
612 3046 697 3099 Philo
715 3046 847 3098 Jmlaeoa
866 3046 896 3098 in
915 3044 1037 3115 explicat

200 3115 252 3171 cal.
269 3133 297 3186 p.
317 3121 376 3172 ⁴78.
395 3115 505 3186 utrique
521 3113 635 3169 tabulae
662 3114 788 3185 quinque
800 3129 899 3184 praece
919 3118 950 3167 ta
969 3112 1037 3167 tribr

198 3199 296 3239 mum
312 3182 343 3239 hi
360 3188 541 3255 praereptum
561 3183 597 3237 de
615 3182 786 3237 honorandis
801 3198 887 3252 paren
930 3200 963 3235 ru
979 3180 1037 3237 fale

199 3250 347 3324 piganum
366 3252 471 3325 primae
496 3251 624 3319 tabulae,
650 3268 714 3306 cum
738 3257 805 3323 agat
828 3251 864 3305 de
884 3250 1033 3305 dilectione
