2250 3772
102 244 169 311 394
240 240 348 329 Caput
366 242 412 307 11.
455 241 508 307 De
530 239 679 326 symbolo
701 238 884 327 apostoliae:

209 412 240 478 3.
287 412 377 479 Unde
391 414 512 497 probae
533 431 596 476 ease
615 411 711 473 vitam
733 406 906 475 artemaml

197 544 226 605 l.
249 542 304 605 Es
325 540 508 603 indubitatis
532 537 715 621 scripturae
737 538 916 602 testimoniis.

195 627 308 691 Marta
324 623 376 701 25,
390 623 454 688 46:
476 622 574 687 Ibunt
590 620 663 684 ‘usti
679 621 721 685 ad
735 621 836 686 vitam
849 630 981 686 aeterum

196 710 281 773 Ilua.
305 710 356 786 12,
376 709 417 772 2:
452 645 662 793 Evigilalrunt
692 706 749 771 alii
775 706 819 771 ad
847 705 937 772 vitm
951 722 983 767 aa·

108 812 239 859 remam.

193 876 269 943 Joa.
294 878 345 954 10,
365 877 428 942 28:
450 877 482 942 Ε
507 899 526 942 o
548 877 646 941 vitam
665 886 831 940 aeternam
854 875 895 941 do
911 871 962 939 eia'

193 960 290 1029 Hebe.
315 963 448 1039 13,14:
510 985 552 1026 on
580 961 734 1025 habemus
758 960 812 1025 hio
842 968 987 1025 maneum

107 1045 278 1123 civitatem,
300 1047 357 1112 sed
374 1046 514 1111 futuram
531 1045 730 1131 inquirimus,

194 1133 224 1197 2.
246 1133 296 1195 Aa
311 1135 457 1216 eaemple’a
472 1157 587 1210 eoram,
629 1131 664 1195 ui
677 1130 742 1196 vivi
755 1130 789 1194 in
804 1129 904 1195 vitam
916 1138 987 1193 aeter·

108 1240 185 1283 nam
203 1217 348 1281 translati
369 1216 507 1296 fuerunt,
527 1218 620 1282 Enoc
643 1263 652 1293 ,
674 1214 751 1280 Gen.
772 1218 804 1292 5,
826 1216 891 1293 243
920 1212 986 1279 Ha.

109 1302 223 1452 1ἐῂ
241 1302 345 1380 Eliae,
367 1304 396 1369 2.
418 1304 496 1387 Rea.
518 1304 549 1379 2,
572 1305 627 1378 113
661 1300 763 1387 ipsius
781 1299 917 1377 Christi,
939 1294 987 1363 Ja

177 1521 268 1601 (Idem
292 1517 426 1601 probatur
449 1517 576 1598 omnibus
603 1519 787 1590 argumentis,
812 1518 914 1592 quibus
932 1512 986 1595 moll

107 1596 172 1715 aa
187 1587 634 1730 attemerare
650 1590 986 1724 ,mm

107 1734 184 1783 oerto
203 1728 262 1782 vita
277 1732 390 1782 aeterna
406 1732 486 1794 esset,
504 1725 540 1779 ad
558 1743 643 1797 quam
661 1725 897 1803 transferrentur.)

108 1866 138 1931 4.
185 1865 346 1943 Quaenam
368 1876 396 1928 et
417 1864 516 1948 qualia
542 1865 600 1927 eee't
614 1864 728 1947 fotura
751 1866 894 1948 beatitae,
916 1856 986 1946 ,aa

334 1961 362 2013 et
376 1949 513 2034 felicitae
535 1961 676 2014 aeternae
696 1946 803 2014 vitae?

193 2077 268 2138 Erit
284 2077 379 2159 plane
401 2076 573 2160 ineffabilis.
603 2074 656 2138 Ibi
677 2074 762 2139 enim
781 2074 870 2138 beati
892 2075 917 2137 1.
932 2086 986 2163 sen}-

134 2181 169 2222 er
190 2172 281 2223 eruut
302 2182 374 2223 oum
394 2158 546 2236 Domino,
569 2161 595 2224 1.
615 2160 716 2223 Thess.
732 2160 764 2236 4,
785 2162 837 2236 17,
859 2170 986 2247 quamv}-

108 2181 229 2307 lebant
249 2269 268 2308 a
289 2243 370 2308 facie
392 2243 433 2307 ad
454 2244 579 2322 faciem,
611 2246 637 2308 1.
663 2245 801 2309 Corinth.
824 2245 875 2322 13,
896 2243 940 2325 12,
961 2256 985 2299 εν

108 2328 173 2393 euti
196 2339 254 2405 est,
277 2332 303 2394 l.
325 2329 399 2393 Jol.
420 2329 450 2405 3,
470 2330 500 2395 2.

195 2414 223 2477 2.
266 2414 372 2477 Erunt
393 2413 515 2498 angelis
538 2413 672 2490 similes,
693 2415 807 2478 Metel.
830 2415 883 2492 22,
902 2411 986 2483 3οι6

109 2521 182 2564 oum
213 2498 252 2562 iis
286 2520 323 2562 ao
354 2498 502 2563 universo
532 2512 715 2563 sanatorum
746 2499 845 2564 ohoro
865 2502 987 2649 {capelll

109 2583 271 2649 alacritate
293 2583 471 2648 Dominum
492 2583 729 2660 collaudabunt,
751 2588 850 2668 Apoc.
885 2585 915 2661 4,
931 2578 987 2647 36

108 2672 160 2748 20,
185 2672 233 2820 131.
246 2752 336 2819 Siout
361 2754 409 2817 sol
432 2753 610 2839 fulgebunt,
632 2753 747 2815 Mara.
772 2752 824 2830 13,
842 2753 895 2831 43,
916 2740 986 2815 etri

108 2854 161 2906 out
194 2839 346 2925 splendor
373 2838 562 2903 firmamenti
592 2849 623 2902 et
655 2836 766 2901 stellae
797 2837 833 2902 in
863 2834 984 2902 seculum

107 2925 429 3095 Dan⁰4i2lllisterget
459 3007 618 3073 Dominus
648 3028 758 3070 omnes
788 2992 985 3093 lacrymati

111 3095 211 3162 oeulis
233 3095 385 3181 ipsorum,
407 3094 536 3178 Apoeal.
553 3093 582 3176 7,
600 3093 648 3176 17,
671 3102 702 3155 et
718 3091 872 3157 oblivioni
891 3086 985 3155 trader

109 3194 160 3247 tur
181 3180 348 3280 angustiae
370 3178 509 3264 priores,
537 3199 596 3242 neo
625 3176 685 3240 erit
713 3176 760 3240 ibi
789 3200 853 3242 vox
870 3170 983 3240 fleant

108 3268 266 3342 olamans,
290 3267 368 3329 Era.
389 3264 441 3341 65,
465 3263 513 3328 16.
538 3273 570 3325 et
593 3264 641 3328 19.
