<?xml version="1.0" encoding="UTF-8"?>
<!DOCTYPE html PUBLIC "-//W3C//DTD XHTML 1.0 Transitional//EN"
    "http://www.w3.org/TR/xhtml1/DTD/xhtml1-transitional.dtd">
<html xmlns="http://www.w3.org/1999/xhtml" xml:lang="en" lang="en">
 <head>
  <title>
</title>
<meta http-equiv="Content-Type" content="text/html;charset=utf-8" />
  <meta name='ocr-system' content='tesseract 3.04.00' />
  <meta name='ocr-capabilities' content='ocr_page ocr_carea ocr_par ocr_line ocrx_word'/>
</head>
<body>
  <div class='ocr_page' id='page_1' title='image "./dconradidieteri00dietgoog_0170.png"; bbox 0 0 2250 3772; ppageno 0'>
   <div class='ocr_carea' id='block_1_1' title="bbox 331 232 987 319">
    <p class='ocr_par' dir='ltr' id='par_1_1' title="bbox 331 232 987 319">
     <span class='ocr_line' id='line_1_1' title="bbox 331 232 987 319; baseline 0.002 -21"><span class='ocrx_word' id='word_1_1' title='bbox 331 232 492 298; x_wconf 85' lang='lat' dir='ltr'>Octavum</span> <span class='ocrx_word' id='word_1_2' title='bbox 512 250 729 319; x_wconf 85' lang='lat' dir='ltr'>praeceptum.</span> <span class='ocrx_word' id='word_1_3' title='bbox 927 235 987 299; x_wconf 78' lang='lat'>137</span> 
     </span>
    </p>
   </div>
   <div class='ocr_carea' id='block_1_2' title="bbox 111 397 991 604">
    <p class='ocr_par' dir='ltr' id='par_1_2' title="bbox 111 397 991 604">
     <span class='ocr_line' id='line_1_2' title="bbox 114 397 989 481; baseline 0.007 -33"><span class='ocrx_word' id='word_1_4' title='bbox 114 400 134 449; x_wconf 86' lang='lat' dir='ltr'>st</span> <span class='ocrx_word' id='word_1_5' title='bbox 146 397 254 453; x_wconf 76' lang='lat' dir='ltr'>similium</span> <span class='ocrx_word' id='word_1_6' title='bbox 270 398 422 481; x_wconf 81' lang='lat' dir='ltr'>proprium.</span> <span class='ocrx_word' id='word_1_7' title='bbox 457 399 495 452; x_wconf 87' lang='lat' dir='ltr'>Et</span> <span class='ocrx_word' id='word_1_8' title='bbox 514 401 536 453; x_wconf 91' lang='lat' dir='ltr'>si</span> <span class='ocrx_word' id='word_1_9' title='bbox 554 401 583 453; x_wconf 93' lang='lat' dir='ltr'>in</span> <span class='ocrx_word' id='word_1_10' title='bbox 600 401 653 454; x_wconf 88' lang='lat' dir='ltr'>hac</span> <span class='ocrx_word' id='word_1_11' title='bbox 670 399 871 481; x_wconf 74' lang='lat' dir='ltr'>significatione</span> <span class='ocrx_word' id='word_1_12' title='bbox 889 401 989 469; x_wconf 88' lang='lat' dir='ltr'>accipi·</span> 
     </span>
     <span class='ocr_line' id='line_1_3' title="bbox 113 467 991 541; baseline 0.006 -24"><span class='ocrx_word' id='word_1_13' title='bbox 113 469 149 532; x_wconf 88' lang='lat' dir='ltr'>tur,</span> <span class='ocrx_word' id='word_1_14' title='bbox 164 468 258 521; x_wconf 88' lang='lat' dir='ltr'>nullum</span> <span class='ocrx_word' id='word_1_15' title='bbox 280 467 469 532; x_wconf 78' lang='lat' dir='ltr'>mendacium,</span> <span class='ocrx_word' id='word_1_16' title='bbox 492 469 520 522; x_wconf 91' lang='lat' dir='ltr'>in</span> <span class='ocrx_word' id='word_1_17' title='bbox 547 486 601 541; x_wconf 81' lang='lat' dir='ltr'>quo</span> <span class='ocrx_word' id='word_1_18' title='bbox 624 473 758 539; x_wconf 81' lang='lat' dir='ltr'>requissta</span> <span class='ocrx_word' id='word_1_19' title='bbox 780 468 849 523; x_wconf 88' lang='lat' dir='ltr'>hacc</span> <span class='ocrx_word' id='word_1_20' title='bbox 872 474 991 539; x_wconf 85' lang='lat' dir='ltr'>quatuor</span> 
     </span>
     <span class='ocr_line' id='line_1_4' title="bbox 111 536 460 604; baseline 0.006 -16"><span class='ocrx_word' id='word_1_21' title='bbox 111 542 252 604; x_wconf 83' lang='lat' dir='ltr'>concurrunt,</span> <span class='ocrx_word' id='word_1_22' title='bbox 273 543 318 591; x_wconf 91' lang='lat' dir='ltr'>est</span> <span class='ocrx_word' id='word_1_23' title='bbox 333 536 460 602; x_wconf 91' lang='lat' dir='ltr'>licitum.)</span> 
     </span>
    </p>
   </div>
   <div class='ocr_carea' id='block_1_3' title="bbox 280 638 829 716">
    <p class='ocr_par' dir='ltr' id='par_1_3' title="bbox 280 638 829 716">
     <span class='ocr_line' id='line_1_5' title="bbox 280 638 829 716; baseline -0.007 -13"><span class='ocrx_word' id='word_1_24' title='bbox 280 641 331 705; x_wconf 76' lang='lat'>74.</span> <span class='ocrx_word' id='word_1_25' title='bbox 380 638 471 716; x_wconf 72' lang='lat' dir='ltr'>Quod</span> <span class='ocrx_word' id='word_1_26' title='bbox 490 662 560 705; x_wconf 75' lang='lat' dir='ltr'>vero</span> <span class='ocrx_word' id='word_1_27' title='bbox 582 652 628 703; x_wconf 79' lang='lat' dir='ltr'>ess</span> <span class='ocrx_word' id='word_1_28' title='bbox 648 641 789 703; x_wconf 80' lang='lat' dir='ltr'>licitum?</span> <span class='ocrx_word' id='word_1_29' title='bbox 824 690 829 699; x_wconf 90' lang='grc'><em>,</em></span> 
     </span>
    </p>
   </div>
   <div class='ocr_carea' id='block_1_4' title="bbox 107 739 992 1078">
    <p class='ocr_par' dir='ltr' id='par_1_4' title="bbox 107 739 992 1078">
     <span class='ocr_line' id='line_1_6' title="bbox 170 739 992 825; baseline -0.001 -21"><span class='ocrx_word' id='word_1_30' title='bbox 170 739 305 804; x_wconf 88' lang='lat' dir='ltr'>Licitum</span> <span class='ocrx_word' id='word_1_31' title='bbox 327 751 391 817; x_wconf 86' lang='lat' dir='ltr'>est,</span> <span class='ocrx_word' id='word_1_32' title='bbox 413 739 499 823; x_wconf 88' lang='lat' dir='ltr'>quod</span> <span class='ocrx_word' id='word_1_33' title='bbox 522 739 559 802; x_wconf 90' lang='lat' dir='ltr'>fit</span> <span class='ocrx_word' id='word_1_34' title='bbox 585 739 653 802; x_wconf 86' lang='lat' dir='ltr'>sine</span> <span class='ocrx_word' id='word_1_35' title='bbox 676 740 852 804; x_wconf 89' lang='lat' dir='ltr'>intentione</span> <span class='ocrx_word' id='word_1_36' title='bbox 880 764 992 825; x_wconf 93' lang='lat' dir='ltr'>quem-</span> 
     </span>
     <span class='ocr_line' id='line_1_7' title="bbox 109 819 991 907; baseline 0.007 -23"><span class='ocrx_word' id='word_1_37' title='bbox 109 819 143 884; x_wconf 81' lang='lat' dir='ltr'>sis</span> <span class='ocrx_word' id='word_1_38' title='bbox 158 824 313 901; x_wconf 79' lang='lat' dir='ltr'>laedendi,</span> <span class='ocrx_word' id='word_1_39' title='bbox 335 823 378 888; x_wconf 92' lang='lat' dir='ltr'>ob</span> <span class='ocrx_word' id='word_1_40' title='bbox 399 824 566 888; x_wconf 84' lang='lat' dir='ltr'><strong>honestam</strong></span> <span class='ocrx_word' id='word_1_41' title='bbox 587 837 619 888; x_wconf 89' lang='lat' dir='ltr'>et</span> <span class='ocrx_word' id='word_1_42' title='bbox 633 825 755 907; x_wconf 86' lang='lat' dir='ltr'>justam</span> <span class='ocrx_word' id='word_1_43' title='bbox 777 847 916 902; x_wconf 83' lang='lat' dir='ltr'>causam,</span> <span class='ocrx_word' id='word_1_44' title='bbox 937 848 991 890; x_wconf 89' lang='lat' dir='ltr'>oc-</span> 
     </span>
     <span class='ocr_line' id='line_1_8' title="bbox 108 907 991 993; baseline 0.003 -23"><span class='ocrx_word' id='word_1_45' title='bbox 108 907 250 975; x_wconf 76' lang='lat' dir='ltr'>musione</span> <span class='ocrx_word' id='word_1_46' title='bbox 272 933 389 986; x_wconf 90' lang='lat' dir='ltr'>rerum,</span> <span class='ocrx_word' id='word_1_47' title='bbox 410 932 489 993; x_wconf 87' lang='lat' dir='ltr'>quas</span> <span class='ocrx_word' id='word_1_48' title='bbox 508 909 615 974; x_wconf 89' lang='lat' dir='ltr'>dicere</span> <span class='ocrx_word' id='word_1_49' title='bbox 629 931 689 973; x_wconf 88' lang='lat' dir='ltr'>nec</span> <span class='ocrx_word' id='word_1_50' title='bbox 703 922 752 973; x_wconf 87' lang='lat' dir='ltr'>est</span> <span class='ocrx_word' id='word_1_51' title='bbox 765 911 991 988; x_wconf 85' lang='lat' dir='ltr'>necessarium,</span> 
     </span>
     <span class='ocr_line' id='line_1_9' title="bbox 107 994 473 1078; baseline 0.014 -23"><span class='ocrx_word' id='word_1_52' title='bbox 107 1010 149 1056; x_wconf 83' lang='lat' dir='ltr'>nec</span> <span class='ocrx_word' id='word_1_53' title='bbox 161 995 288 1078; x_wconf 84' lang='lat' dir='ltr'>justum,</span> <span class='ocrx_word' id='word_1_54' title='bbox 307 1016 367 1059; x_wconf 92' lang='lat' dir='ltr'>nec</span> <span class='ocrx_word' id='word_1_55' title='bbox 386 994 473 1060; x_wconf 90' lang='lat' dir='ltr'>utile.</span> 
     </span>
    </p>
   </div>
   <div class='ocr_carea' id='block_1_5' title="bbox 103 1092 993 2332">
    <p class='ocr_par' dir='ltr' id='par_1_5' title="bbox 103 1092 991 1421">
     <span class='ocr_line' id='line_1_10' title="bbox 103 1092 991 1164; baseline 0.001 -19"><span class='ocrx_word' id='word_1_56' title='bbox 103 1138 107 1145; x_wconf 92' lang='lat'><em>.</em></span> <span class='ocrx_word' id='word_1_57' title='bbox 158 1094 271 1162; x_wconf 77' lang='lat' dir='ltr'>(Dicitur</span> <span class='ocrx_word' id='word_1_58' title='bbox 288 1095 359 1149; x_wconf 81' lang='lat' dir='ltr'>alias</span> <span class='ocrx_word' id='word_1_59' title='bbox 377 1095 544 1163; x_wconf 78' lang='lat' dir='ltr'>officiosum,</span> <span class='ocrx_word' id='word_1_60' title='bbox 563 1093 631 1164; x_wconf 90' lang='lat' dir='ltr'>quia</span> <span class='ocrx_word' id='word_1_61' title='bbox 646 1092 768 1149; x_wconf 85' lang='lat' dir='ltr'>officiose</span> <span class='ocrx_word' id='word_1_62' title='bbox 781 1093 923 1148; x_wconf 78' lang='lat' dir='ltr'>dilectioni</span> <span class='ocrx_word' id='word_1_63' title='bbox 936 1093 991 1147; x_wconf 91' lang='lat' dir='ltr'>Dei</span> 
     </span>
     <span class='ocr_line' id='line_1_11' title="bbox 105 1162 991 1233; baseline -0.005 -13"><span class='ocrx_word' id='word_1_64' title='bbox 105 1162 241 1233; x_wconf 67' lang='lat' dir='ltr'>ttproximi</span> <span class='ocrx_word' id='word_1_65' title='bbox 259 1164 383 1232; x_wconf 86' lang='lat' dir='ltr'>inservit,</span> <span class='ocrx_word' id='word_1_66' title='bbox 400 1169 581 1217; x_wconf 81' lang='lat' dir='ltr'>cumcontra</span> <span class='ocrx_word' id='word_1_67' title='bbox 596 1162 783 1216; x_wconf 85' lang='lat' dir='ltr'>manifestatio</span> <span class='ocrx_word' id='word_1_68' title='bbox 795 1163 856 1232; x_wconf 87' lang='lat' dir='ltr'>ejus</span> <span class='ocrx_word' id='word_1_69' title='bbox 868 1162 991 1218; x_wconf 87' lang='lat' dir='ltr'>dilectio·</span> 
     </span>
     <span class='ocr_line' id='line_1_12' title="bbox 104 1228 991 1314; baseline -0.003 -26"><span class='ocrx_word' id='word_1_70' title='bbox 104 1241 152 1308; x_wconf 46' lang='lat' dir='ltr'>ssim</span> <span class='ocrx_word' id='word_1_71' title='bbox 165 1231 213 1288; x_wconf 87' lang='lat' dir='ltr'>Dei</span> <span class='ocrx_word' id='word_1_72' title='bbox 239 1251 273 1288; x_wconf 87' lang='lat' dir='ltr'>ac</span> <span class='ocrx_word' id='word_1_73' title='bbox 297 1231 416 1314; x_wconf 66' lang='lat' dir='ltr'>proximi</span> <span class='ocrx_word' id='word_1_74' title='bbox 440 1228 602 1288; x_wconf 87' lang='lat' dir='ltr'>offenderet.</span> <span class='ocrx_word' id='word_1_75' title='bbox 643 1229 755 1285; x_wconf 79' lang='lat' dir='ltr'>Dicitur</span> <span class='ocrx_word' id='word_1_76' title='bbox 777 1236 870 1285; x_wconf 87' lang='lat' dir='ltr'>autom</span> <span class='ocrx_word' id='word_1_77' title='bbox 891 1230 991 1301; x_wconf 88' lang='lat' dir='ltr'>impro-</span> 
     </span>
     <span class='ocr_line' id='line_1_13' title="bbox 104 1298 991 1421; baseline -0.003 -66"><span class='ocrx_word' id='word_1_78' title='bbox 104 1308 186 1421; x_wconf 46' lang='lat' dir='ltr'>fflzeet</span> <span class='ocrx_word' id='word_1_79' title='bbox 204 1320 261 1358; x_wconf 91' lang='lat' dir='ltr'>non</span> <span class='ocrx_word' id='word_1_80' title='bbox 285 1300 339 1354; x_wconf 87' lang='lat' dir='ltr'>msi</span> <span class='ocrx_word' id='word_1_81' title='bbox 365 1303 598 1373; x_wconf 75' lang='grc' dir='ltr'><strong><em>καταχρηστικῶς,</em></strong></span> <span class='ocrx_word' id='word_1_82' title='bbox 626 1298 683 1353; x_wconf 88' lang='lat' dir='ltr'>sive</span> <span class='ocrx_word' id='word_1_83' title='bbox 701 1300 893 1355; x_wconf 83' lang='lat' dir='ltr'>nominetenus</span> <span class='ocrx_word' id='word_1_84' title='bbox 917 1317 991 1353; x_wconf 91' lang='lat' dir='ltr'>men·</span> 
     </span>
    </p>

    <p class='ocr_par' dir='ltr' id='par_1_6' title="bbox 104 1367 993 2332">
     <span class='ocr_line' id='line_1_14' title="bbox 144 1367 992 1440; baseline 0.002 -20"><span class='ocrx_word' id='word_1_85' title='bbox 144 1367 204 1440; x_wconf 79' lang='lat' dir='ltr'>inm3</span> <span class='ocrx_word' id='word_1_86' title='bbox 234 1368 443 1427; x_wconf 88' lang='lat' dir='ltr'>convenientius</span> <span class='ocrx_word' id='word_1_87' title='bbox 475 1369 615 1423; x_wconf 82' lang='lat' dir='ltr'>simulatio</span> <span class='ocrx_word' id='word_1_88' title='bbox 646 1369 792 1424; x_wconf 89' lang='lat' dir='ltr'>diceretur.</span> <span class='ocrx_word' id='word_1_89' title='bbox 837 1369 909 1434; x_wconf 85' lang='lat' dir='ltr'>Quia</span> <span class='ocrx_word' id='word_1_90' title='bbox 936 1386 992 1423; x_wconf 90' lang='lat' dir='ltr'>non</span> 
     </span>
     <span class='ocr_line' id='line_1_15' title="bbox 105 1436 992 1504; baseline 0.001 -15"><span class='ocrx_word' id='word_1_91' title='bbox 105 1436 171 1490; x_wconf 83' lang='lat' dir='ltr'>mnis</span> <span class='ocrx_word' id='word_1_92' title='bbox 184 1439 308 1493; x_wconf 83' lang='lat' dir='ltr'>veritatis</span> <span class='ocrx_word' id='word_1_93' title='bbox 328 1437 476 1492; x_wconf 81' lang='lat' dir='ltr'>occultatio</span> <span class='ocrx_word' id='word_1_94' title='bbox 495 1443 538 1491; x_wconf 90' lang='lat' dir='ltr'>est</span> <span class='ocrx_word' id='word_1_95' title='bbox 556 1437 746 1504; x_wconf 86' lang='lat' dir='ltr'>mendacium,</span> <span class='ocrx_word' id='word_1_96' title='bbox 774 1455 837 1492; x_wconf 88' lang='lat' dir='ltr'>cum</span> <span class='ocrx_word' id='word_1_97' title='bbox 855 1455 911 1493; x_wconf 92' lang='lat' dir='ltr'>non</span> <span class='ocrx_word' id='word_1_98' title='bbox 928 1454 992 1491; x_wconf 89' lang='lat' dir='ltr'>con-</span> 
     </span>
     <span class='ocr_line' id='line_1_16' title="bbox 104 1504 991 1578; baseline -0.001 -19"><span class='ocrx_word' id='word_1_99' title='bbox 104 1504 192 1578; x_wconf 48' lang='lat' dir='ltr'>itnimt</span> <span class='ocrx_word' id='word_1_100' title='bbox 211 1508 237 1562; x_wconf 91' lang='lat' dir='ltr'>ei</span> <span class='ocrx_word' id='word_1_101' title='bbox 260 1506 394 1577; x_wconf 85' lang='lat' dir='ltr'>requisita</span> <span class='ocrx_word' id='word_1_102' title='bbox 413 1506 550 1560; x_wconf 88' lang='lat' dir='ltr'>mendacii</span> <span class='ocrx_word' id='word_1_103' title='bbox 573 1506 685 1576; x_wconf 84' lang='lat' dir='ltr'>proprio</span> <span class='ocrx_word' id='word_1_104' title='bbox 712 1506 788 1563; x_wconf 90' lang='lat' dir='ltr'>dicti.</span> <span class='ocrx_word' id='word_1_105' title='bbox 824 1507 898 1563; x_wconf 91' lang='lat' dir='ltr'>Nam</span> <span class='ocrx_word' id='word_1_106' title='bbox 915 1523 991 1559; x_wconf 89' lang='lat' dir='ltr'>men·</span> 
     </span>
     <span class='ocr_line' id='line_1_17' title="bbox 104 1569 992 1648; baseline 0 -21"><span class='ocrx_word' id='word_1_107' title='bbox 104 1569 200 1648; x_wconf 63' lang='lat' dir='ltr'>fifinon</span> <span class='ocrx_word' id='word_1_108' title='bbox 223 1581 335 1630; x_wconf 87' lang='lat' dir='ltr'>tantum</span> <span class='ocrx_word' id='word_1_109' title='bbox 354 1579 397 1629; x_wconf 87' lang='lat' dir='ltr'>cst</span> <span class='ocrx_word' id='word_1_110' title='bbox 422 1575 576 1642; x_wconf 90' lang='lat' dir='ltr'>occultare,</span> <span class='ocrx_word' id='word_1_111' title='bbox 602 1575 654 1628; x_wconf 88' lang='lat' dir='ltr'>sed</span> <span class='ocrx_word' id='word_1_112' title='bbox 676 1593 728 1644; x_wconf 90' lang='lat' dir='ltr'>pro</span> <span class='ocrx_word' id='word_1_113' title='bbox 750 1577 867 1630; x_wconf 86' lang='lat' dir='ltr'>veritate</span> <span class='ocrx_word' id='word_1_114' title='bbox 889 1575 992 1629; x_wconf 89' lang='lat' dir='ltr'>falsum</span> 
     </span>
     <span class='ocr_line' id='line_1_18' title="bbox 105 1634 992 1715; baseline 0.002 -20"><span class='ocrx_word' id='word_1_115' title='bbox 105 1634 185 1715; x_wconf 52' lang='lat' dir='ltr'>dicere,</span> <span class='ocrx_word' id='word_1_116' title='bbox 208 1650 238 1698; x_wconf 91' lang='lat' dir='ltr'>et</span> <span class='ocrx_word' id='word_1_117' title='bbox 259 1644 372 1715; x_wconf 91' lang='lat' dir='ltr'>quidem</span> <span class='ocrx_word' id='word_1_118' title='bbox 391 1648 488 1697; x_wconf 89' lang='lat' dir='ltr'>contra</span> <span class='ocrx_word' id='word_1_119' title='bbox 505 1642 717 1711; x_wconf 83' lang='lat' dir='ltr'>conscientiam,</span> <span class='ocrx_word' id='word_1_120' title='bbox 733 1660 794 1698; x_wconf 90' lang='lat' dir='ltr'>eam</span> <span class='ocrx_word' id='word_1_121' title='bbox 812 1661 885 1711; x_wconf 81' lang='lat' dir='ltr'>rem,</span> <span class='ocrx_word' id='word_1_122' title='bbox 908 1661 992 1714; x_wconf 89' lang='lat' dir='ltr'>quam</span> 
     </span>
     <span class='ocr_line' id='line_1_19' title="bbox 105 1701 992 1784; baseline 0.003 -21"><span class='ocrx_word' id='word_1_123' title='bbox 105 1701 200 1766; x_wconf 56' lang='lat' dir='ltr'>&amp;cerco</span> <span class='ocrx_word' id='word_1_124' title='bbox 222 1713 315 1781; x_wconf 87' lang='lat' dir='ltr'>ortuit‚</span> <span class='ocrx_word' id='word_1_125' title='bbox 334 1713 493 1782; x_wconf 84' lang='lat' dir='ltr'>depravare.</span> <span class='ocrx_word' id='word_1_126' title='bbox 513 1712 578 1765; x_wconf 89' lang='lat' dir='ltr'>Huc</span> <span class='ocrx_word' id='word_1_127' title='bbox 594 1711 753 1766; x_wconf 86' lang='lat' dir='ltr'>referuntur</span> <span class='ocrx_word' id='word_1_128' title='bbox 764 1713 890 1784; x_wconf 87' lang='lat' dir='ltr'>exempla</span> <span class='ocrx_word' id='word_1_129' title='bbox 902 1713 992 1766; x_wconf 85' lang='lat' dir='ltr'>Abra·</span> 
     </span>
     <span class='ocr_line' id='line_1_20' title="bbox 105 1768 992 1851; baseline 0.002 -21"><span class='ocrx_word' id='word_1_130' title='bbox 105 1768 167 1846; x_wconf 79' lang='lat' dir='ltr'>hami,</span> <span class='ocrx_word' id='word_1_131' title='bbox 214 1799 286 1836; x_wconf 77' lang='lat' dir='ltr'>enea</span> <span class='ocrx_word' id='word_1_132' title='bbox 305 1785 349 1847; x_wconf 73' lang='lat'>12,</span> <span class='ocrx_word' id='word_1_133' title='bbox 370 1786 412 1836; x_wconf 73' lang='lat'>13.</span> <span class='ocrx_word' id='word_1_134' title='bbox 432 1784 461 1834; x_wconf 95' lang='lat' dir='ltr'>et</span> <span class='ocrx_word' id='word_1_135' title='bbox 478 1784 526 1848; x_wconf 84' lang='lat'>20,</span> <span class='ocrx_word' id='word_1_136' title='bbox 544 1784 570 1834; x_wconf 88' lang='lat'>2.</span> <span class='ocrx_word' id='word_1_137' title='bbox 591 1780 780 1851; x_wconf 88' lang='lat' dir='ltr'>obstetricum,</span> <span class='ocrx_word' id='word_1_138' title='bbox 800 1783 894 1836; x_wconf 84' lang='lat' dir='ltr'>Ecod.</span> <span class='ocrx_word' id='word_1_139' title='bbox 905 1786 929 1850; x_wconf 89' lang='lat'>1,</span> <span class='ocrx_word' id='word_1_140' title='bbox 949 1784 992 1834; x_wconf 78' lang='lat'>19.</span> 
     </span>
     <span class='ocr_line' id='line_1_21' title="bbox 104 1836 992 1918; baseline 0.005 -22"><span class='ocrx_word' id='word_1_141' title='bbox 104 1836 193 1903; x_wconf 84' lang='lat' dir='ltr'>Rachab</span> <span class='ocrx_word' id='word_1_142' title='bbox 210 1848 377 1916; x_wconf 85' lang='lat' dir='ltr'>meretricis,</span> <span class='ocrx_word' id='word_1_143' title='bbox 397 1850 458 1904; x_wconf 86' lang='lat' dir='ltr'>Jos.</span> <span class='ocrx_word' id='word_1_144' title='bbox 476 1853 504 1909; x_wconf 78' lang='lat'>2,</span> <span class='ocrx_word' id='word_1_145' title='bbox 525 1853 549 1902; x_wconf 72' lang='lat'>4.</span> <span class='ocrx_word' id='word_1_146' title='bbox 586 1848 717 1916; x_wconf 77' lang='lat' dir='ltr'>Doridis,</span> <span class='ocrx_word' id='word_1_147' title='bbox 739 1854 764 1904; x_wconf 84' lang='lat'>1.</span> <span class='ocrx_word' id='word_1_148' title='bbox 782 1851 858 1904; x_wconf 81' lang='lat' dir='ltr'>Sam.</span> <span class='ocrx_word' id='word_1_149' title='bbox 877 1854 927 1918; x_wconf 88' lang='lat'>21,</span> <span class='ocrx_word' id='word_1_150' title='bbox 948 1853 992 1906; x_wconf 75' lang='lat'>13,</span> 
     </span>
     <span class='ocr_line' id='line_1_22' title="bbox 105 1905 992 1991; baseline 0.001 -21"><span class='ocrx_word' id='word_1_151' title='bbox 105 1905 240 1991; x_wconf 53' lang='lat' dir='ltr'>oquendum</span> <span class='ocrx_word' id='word_1_152' title='bbox 256 1924 352 1972; x_wconf 88' lang='lat' dir='ltr'>tamen</span> <span class='ocrx_word' id='word_1_153' title='bbox 370 1924 413 1972; x_wconf 91' lang='lat' dir='ltr'>est</span> <span class='ocrx_word' id='word_1_154' title='bbox 431 1917 460 1970; x_wconf 91' lang='lat' dir='ltr'>in</span> <span class='ocrx_word' id='word_1_155' title='bbox 479 1917 615 1970; x_wconf 89' lang='lat' dir='ltr'>similibus</span> <span class='ocrx_word' id='word_1_156' title='bbox 633 1917 757 1985; x_wconf 87' lang='lat' dir='ltr'>casibus,</span> <span class='ocrx_word' id='word_1_157' title='bbox 783 1935 819 1972; x_wconf 88' lang='lat' dir='ltr'>ne</span> <span class='ocrx_word' id='word_1_158' title='bbox 837 1919 882 1973; x_wconf 87' lang='lat' dir='ltr'>vel</span> <span class='ocrx_word' id='word_1_159' title='bbox 906 1936 940 1972; x_wconf 84' lang='lat' dir='ltr'>cx</span> <span class='ocrx_word' id='word_1_160' title='bbox 958 1918 992 1971; x_wconf 95' lang='lat' dir='ltr'>ti-</span> 
     </span>
     <span class='ocr_line' id='line_1_23' title="bbox 106 1981 993 2056; baseline 0.005 -20"><span class='ocrx_word' id='word_1_161' title='bbox 106 1981 215 2056; x_wconf 75' lang='lat' dir='ltr'>mditate,</span> <span class='ocrx_word' id='word_1_162' title='bbox 231 1988 278 2042; x_wconf 78' lang='lat' dir='ltr'>vel</span> <span class='ocrx_word' id='word_1_163' title='bbox 289 1985 480 2053; x_wconf 68' lang='lat' dir='ltr'>imbecillitate</span> <span class='ocrx_word' id='word_1_164' title='bbox 490 1985 601 2053; x_wconf 82' lang='lat' dir='ltr'>veritas,</span> <span class='ocrx_word' id='word_1_165' title='bbox 638 2002 691 2040; x_wconf 86' lang='lat' dir='ltr'>uae</span> <span class='ocrx_word' id='word_1_166' title='bbox 704 1987 878 2056; x_wconf 86' lang='lat' dir='ltr'>proferenda,</span> <span class='ocrx_word' id='word_1_167' title='bbox 889 1993 993 2041; x_wconf 89' lang='lat' dir='ltr'>temere</span> 
     </span>
     <span class='ocr_line' id='line_1_24' title="bbox 104 2049 993 2126; baseline -0.007 -12"><span class='ocrx_word' id='word_1_168' title='bbox 104 2049 235 2115; x_wconf 59' lang='lat' dir='ltr'>Fateatur.</span> <span class='ocrx_word' id='word_1_169' title='bbox 270 2055 318 2110; x_wconf 85' lang='lat' dir='ltr'>Ad</span> <span class='ocrx_word' id='word_1_170' title='bbox 337 2054 443 2109; x_wconf 88' lang='lat' dir='ltr'>licitam</span> <span class='ocrx_word' id='word_1_171' title='bbox 460 2055 533 2109; x_wconf 87' lang='lat' dir='ltr'>hanc</span> <span class='ocrx_word' id='word_1_172' title='bbox 556 2055 607 2108; x_wconf 89' lang='lat' dir='ltr'>sim</span> <span class='ocrx_word' id='word_1_173' title='bbox 639 2055 760 2111; x_wconf 85' lang='lat' dir='ltr'>ationem</span> <span class='ocrx_word' id='word_1_174' title='bbox 778 2056 876 2111; x_wconf 86' lang='lat' dir='ltr'>referri</span> <span class='ocrx_word' id='word_1_175' title='bbox 900 2061 993 2126; x_wconf 89' lang='lat' dir='ltr'>potest</span> 
     </span>
     <span class='ocr_line' id='line_1_25' title="bbox 106 2120 992 2195; baseline 0.002 -21"><span class='ocrx_word' id='word_1_176' title='bbox 106 2120 302 2191; x_wconf 61' lang='lat' dir='ltr'>mandacium</span> <span class='ocrx_word' id='word_1_177' title='bbox 325 2123 466 2193; x_wconf 89' lang='lat' dir='ltr'>jocosum,</span> <span class='ocrx_word' id='word_1_178' title='bbox 490 2122 574 2192; x_wconf 91' lang='lat' dir='ltr'>illud,</span> <span class='ocrx_word' id='word_1_179' title='bbox 600 2124 675 2195; x_wconf 90' lang='lat' dir='ltr'>qnod</span> <span class='ocrx_word' id='word_1_180' title='bbox 696 2125 781 2180; x_wconf 87' lang='lat' dir='ltr'>rebus</span> <span class='ocrx_word' id='word_1_181' title='bbox 805 2123 992 2180; x_wconf 84' lang='lat' dir='ltr'>describendis</span> 
     </span>
     <span class='ocr_line' id='line_1_26' title="bbox 106 2190 981 2262; baseline 0.001 -15"><span class='ocrx_word' id='word_1_182' title='bbox 106 2192 200 2262; x_wconf 53' lang='lat' dir='ltr'>littrt’it,</span> <span class='ocrx_word' id='word_1_183' title='bbox 219 2198 248 2248; x_wconf 89' lang='lat' dir='ltr'>et</span> <span class='ocrx_word' id='word_1_184' title='bbox 267 2191 364 2247; x_wconf 85' lang='lat' dir='ltr'>utilem</span> <span class='ocrx_word' id='word_1_185' title='bbox 381 2190 464 2246; x_wconf 91' lang='lat' dir='ltr'>finem</span> <span class='ocrx_word' id='word_1_186' title='bbox 483 2191 582 2258; x_wconf 88' lang='lat' dir='ltr'>habet,</span> <span class='ocrx_word' id='word_1_187' title='bbox 601 2192 695 2262; x_wconf 89' lang='lat' dir='ltr'>qualia</span> <span class='ocrx_word' id='word_1_188' title='bbox 711 2198 776 2247; x_wconf 88' lang='lat' dir='ltr'>sunt</span> <span class='ocrx_word' id='word_1_189' title='bbox 795 2193 922 2248; x_wconf 89' lang='lat' dir='ltr'>dramata</span> <span class='ocrx_word' id='word_1_190' title='bbox 935 2210 981 2248; x_wconf 90' lang='lat' dir='ltr'>sce</span> 
     </span>
     <span class='ocr_line' id='line_1_27' title="bbox 107 2259 643 2332; baseline 0.002 -18"><span class='ocrx_word' id='word_1_191' title='bbox 107 2264 159 2321; x_wconf 63' lang='lat' dir='ltr'>mes,</span> <span class='ocrx_word' id='word_1_192' title='bbox 173 2262 291 2332; x_wconf 65' lang='lat' dir='ltr'>apolossi,</span> <span class='ocrx_word' id='word_1_193' title='bbox 310 2259 426 2314; x_wconf 80' lang='lat' dir='ltr'>fabulae</span> <span class='ocrx_word' id='word_1_194' title='bbox 445 2260 562 2315; x_wconf 89' lang='lat' dir='ltr'>morales</span> <span class='ocrx_word' id='word_1_195' title='bbox 580 2265 643 2328; x_wconf 88' lang='lat' dir='ltr'>etc.)</span> 
     </span>
    </p>
   </div>
   <div class='ocr_carea' id='block_1_6' title="bbox 108 2365 1040 2550">
    <p class='ocr_par' dir='ltr' id='par_1_7' title="bbox 108 2365 1040 2550">
     <span class='ocr_line' id='line_1_28' title="bbox 108 2365 1040 2466; baseline 0.001 -21"><span class='ocrx_word' id='word_1_196' title='bbox 108 2365 144 2438; x_wconf 74' lang='grc'>75.</span> <span class='ocrx_word' id='word_1_197' title='bbox 167 2382 227 2445; x_wconf 86' lang='lat' dir='ltr'>Dic</span> <span class='ocrx_word' id='word_1_198' title='bbox 240 2405 351 2466; x_wconf 75' lang='lat' dir='ltr'>porse,</span> <span class='ocrx_word' id='word_1_199' title='bbox 373 2383 447 2464; x_wconf 81' lang='lat' dir='ltr'>quid</span> <span class='ocrx_word' id='word_1_200' title='bbox 459 2366 501 2444; x_wconf 24' lang='lat' dir='ltr'>‘in</span> <span class='ocrx_word' id='word_1_201' title='bbox 522 2382 578 2444; x_wconf 82' lang='lat' dir='ltr'>boc</span> <span class='ocrx_word' id='word_1_202' title='bbox 594 2393 762 2466; x_wconf 79' lang='lat' dir='ltr'>praecepto</span> <span class='ocrx_word' id='word_1_203' title='bbox 783 2382 871 2447; x_wconf 81' lang='lat' dir='ltr'>nobie</span> <span class='ocrx_word' id='word_1_204' title='bbox 894 2405 994 2447; x_wconf 83' lang='lat' dir='ltr'>ecoss·</span> <span class='ocrx_word' id='word_1_205' title='bbox 1038 2449 1040 2455; x_wconf 71' lang='grc'>,</span> 
     </span>
     <span class='ocr_line' id='line_1_29' title="bbox 360 2465 713 2550; baseline 0 -23"><span class='ocrx_word' id='word_1_206' title='bbox 360 2468 458 2530; x_wconf 68' lang='lat' dir='ltr'>trotio</span> <span class='ocrx_word' id='word_1_207' title='bbox 478 2465 713 2550; x_wconf 73' lang='lat' dir='ltr'>praecipiatur?</span> 
     </span>
    </p>
   </div>
   <div class='ocr_carea' id='block_1_7' title="bbox 59 2563 1043 2971">
    <p class='ocr_par' dir='ltr' id='par_1_8' title="bbox 117 2563 994 2665">
     <span class='ocr_line' id='line_1_30' title="bbox 117 2563 994 2665; baseline 0.001 -35"><span class='ocrx_word' id='word_1_208' title='bbox 117 2636 124 2651; x_wconf 48' lang='grc'>,</span> <span class='ocrx_word' id='word_1_209' title='bbox 170 2563 213 2643; x_wconf 82' lang='lat' dir='ltr'>Ut</span> <span class='ocrx_word' id='word_1_210' title='bbox 231 2566 415 2665; x_wconf 79' lang='lat' dir='ltr'>proximum</span> <span class='ocrx_word' id='word_1_211' title='bbox 443 2578 554 2630; x_wconf 88' lang='lat' dir='ltr'>contra</span> <span class='ocrx_word' id='word_1_212' title='bbox 581 2565 748 2631; x_wconf 83' lang='lat' dir='ltr'>mendacia</span> <span class='ocrx_word' id='word_1_213' title='bbox 776 2576 808 2630; x_wconf 90' lang='lat' dir='ltr'>et</span> <span class='ocrx_word' id='word_1_214' title='bbox 836 2566 994 2631; x_wconf 88' lang='lat' dir='ltr'>obtrecta-</span> 
     </span>
    </p>

    <p class='ocr_par' dir='ltr' id='par_1_9' title="bbox 59 2647 1043 2971">
     <span class='ocr_line' id='line_1_31' title="bbox 108 2647 992 2728; baseline 0.012 -22"><span class='ocrx_word' id='word_1_215' title='bbox 108 2647 184 2712; x_wconf 77' lang='lat' dir='ltr'>tlones</span> <span class='ocrx_word' id='word_1_216' title='bbox 204 2651 343 2715; x_wconf 85' lang='lat' dir='ltr'>abosum</span> <span class='ocrx_word' id='word_1_217' title='bbox 365 2673 570 2728; x_wconf 87' lang='lat' dir='ltr'>excusemus,</span> <span class='ocrx_word' id='word_1_218' title='bbox 591 2651 673 2714; x_wconf 90' lang='lat' dir='ltr'>bene</span> <span class='ocrx_word' id='word_1_219' title='bbox 695 2650 735 2714; x_wconf 89' lang='lat' dir='ltr'>de</span> <span class='ocrx_word' id='word_1_220' title='bbox 757 2672 795 2714; x_wconf 90' lang='lat' dir='ltr'>eo</span> <span class='ocrx_word' id='word_1_221' title='bbox 818 2651 992 2717; x_wconf 86' lang='lat' dir='ltr'>sentiamus</span> 
     </span>
     <span class='ocr_line' id='line_1_32' title="bbox 59 2728 994 2822; baseline 0.015 -37"><span class='ocrx_word' id='word_1_222' title='bbox 59 2728 61 2739; x_wconf 93' lang='lat'>&#39;</span> <span class='ocrx_word' id='word_1_223' title='bbox 109 2736 132 2787; x_wconf 84' lang='lat' dir='ltr'>et</span> <span class='ocrx_word' id='word_1_224' title='bbox 145 2729 314 2819; x_wconf 87' lang='lat' dir='ltr'>loquamur,</span> <span class='ocrx_word' id='word_1_225' title='bbox 336 2736 443 2800; x_wconf 91' lang='lat' dir='ltr'>omnia</span> <span class='ocrx_word' id='word_1_226' title='bbox 463 2736 497 2799; x_wconf 94' lang='lat' dir='ltr'>in</span> <span class='ocrx_word' id='word_1_227' title='bbox 513 2735 678 2799; x_wconf 89' lang='lat' dir='ltr'>meliorem</span> <span class='ocrx_word' id='word_1_228' title='bbox 696 2747 820 2821; x_wconf 87' lang='lat' dir='ltr'>partem</span> <span class='ocrx_word' id='word_1_229' title='bbox 838 2735 994 2822; x_wconf 85' lang='lat' dir='ltr'>interpre-</span> 
     </span>
     <span class='ocr_line' id='line_1_33' title="bbox 109 2816 1043 2907; baseline 0.003 -25"><span class='ocrx_word' id='word_1_230' title='bbox 109 2816 204 2898; x_wconf 71' lang='lat' dir='ltr'>itmur,</span> <span class='ocrx_word' id='word_1_231' title='bbox 233 2821 332 2907; x_wconf 90' lang='lat' dir='ltr'>inque</span> <span class='ocrx_word' id='word_1_232' title='bbox 354 2821 502 2884; x_wconf 83' lang='lat' dir='ltr'>omnibus</span> <span class='ocrx_word' id='word_1_233' title='bbox 528 2818 667 2906; x_wconf 87' lang='lat' dir='ltr'>negotiis</span> <span class='ocrx_word' id='word_1_234' title='bbox 689 2819 806 2885; x_wconf 85' lang='lat' dir='ltr'>nostris</span> <span class='ocrx_word' id='word_1_235' title='bbox 827 2821 993 2884; x_wconf 86' lang='lat' dir='ltr'>veritatem</span> <span class='ocrx_word' id='word_1_236' title='bbox 1039 2828 1043 2835; x_wconf 89' lang='lat'>&#39;</span> 
     </span>
     <span class='ocr_line' id='line_1_34' title="bbox 108 2906 450 2971; baseline 0.015 -5"><span class='ocrx_word' id='word_1_237' title='bbox 108 2906 263 2969; x_wconf 63' lang='lat' dir='ltr'>unienter</span> <span class='ocrx_word' id='word_1_238' title='bbox 283 2915 450 2971; x_wconf 88' lang='lat' dir='ltr'>sectemur.</span> 
     </span>
    </p>
   </div>
   <div class='ocr_carea' id='block_1_8' title="bbox 110 2998 994 3335">
    <p class='ocr_par' dir='ltr' id='par_1_10' title="bbox 110 2998 994 3335">
     <span class='ocr_line' id='line_1_35' title="bbox 141 2998 992 3076; baseline -0.004 -16"><span class='ocrx_word' id='word_1_239' title='bbox 141 3063 146 3076; x_wconf 57' lang='grc'><strong>,</strong></span> <span class='ocrx_word' id='word_1_240' title='bbox 162 2998 234 3068; x_wconf 71' lang='lat' dir='ltr'>(Hae&#39;</span> <span class='ocrx_word' id='word_1_241' title='bbox 243 3005 332 3076; x_wconf 83' lang='lat' dir='ltr'>igitur</span> <span class='ocrx_word' id='word_1_242' title='bbox 351 3010 416 3059; x_wconf 85' lang='lat' dir='ltr'>sunt</span> <span class='ocrx_word' id='word_1_243' title='bbox 432 3005 550 3059; x_wconf 74' lang='lat' dir='ltr'>virtutes</span> <span class='ocrx_word' id='word_1_244' title='bbox 573 3010 601 3060; x_wconf 92' lang='lat' dir='ltr'>et</span> <span class='ocrx_word' id='word_1_245' title='bbox 618 3023 707 3074; x_wconf 74' lang='lat' dir='ltr'>opera</span> <span class='ocrx_word' id='word_1_246' title='bbox 731 3003 814 3074; x_wconf 90' lang='lat' dir='ltr'>hujus</span> <span class='ocrx_word' id='word_1_247' title='bbox 837 3003 992 3075; x_wconf 84' lang='lat' dir='ltr'>praecepti:</span> 
     </span>
     <span class='ocr_line' id='line_1_36' title="bbox 112 3061 990 3144; baseline -0.003 -16"><span class='ocrx_word' id='word_1_248' title='bbox 112 3061 128 3140; x_wconf 80' lang='lat'>¹:</span> <span class='ocrx_word' id='word_1_249' title='bbox 140 3081 163 3122; x_wconf 86' lang='lat'>111</span> <span class='ocrx_word' id='word_1_250' title='bbox 176 3089 272 3144; x_wconf 80' lang='lat' dir='ltr'>genere</span> <span class='ocrx_word' id='word_1_251' title='bbox 292 3081 335 3128; x_wconf 87' lang='lat' dir='ltr'>est</span> <span class='ocrx_word' id='word_1_252' title='bbox 352 3073 402 3128; x_wconf 87' lang='lat' dir='ltr'>sim</span> <span class='ocrx_word' id='word_1_253' title='bbox 423 3074 468 3128; x_wconf 88' lang='lat' dir='ltr'>lex</span> <span class='ocrx_word' id='word_1_254' title='bbox 481 3075 617 3129; x_wconf 78' lang='lat' dir='ltr'>veracitas</span> <span class='ocrx_word' id='word_1_255' title='bbox 636 3082 664 3128; x_wconf 89' lang='lat' dir='ltr'>et</span> <span class='ocrx_word' id='word_1_256' title='bbox 680 3072 784 3126; x_wconf 89' lang='lat' dir='ltr'>candor</span> <span class='ocrx_word' id='word_1_257' title='bbox 801 3072 830 3124; x_wconf 92' lang='lat' dir='ltr'>in</span> <span class='ocrx_word' id='word_1_258' title='bbox 847 3072 990 3143; x_wconf 84' lang='lat' dir='ltr'>quibusvis</span> 
     </span>
     <span class='ocr_line' id='line_1_37' title="bbox 110 3135 994 3211; baseline -0.008 -8"><span class='ocrx_word' id='word_1_259' title='bbox 110 3135 163 3203; x_wconf 59' lang='lat' dir='ltr'>&#39;iili</span> <span class='ocrx_word' id='word_1_260' title='bbox 193 3143 305 3211; x_wconf 82' lang='lat' dir='ltr'>artibus.</span> <span class='ocrx_word' id='word_1_261' title='bbox 341 3149 366 3199; x_wconf 80' lang='lat'>2.</span> <span class='ocrx_word' id='word_1_262' title='bbox 409 3143 579 3209; x_wconf 86' lang='lat' dir='ltr'>aciturnitas,</span> <span class='ocrx_word' id='word_1_263' title='bbox 598 3142 730 3198; x_wconf 87' lang='lat' dir='ltr'>sermonis</span> <span class='ocrx_word' id='word_1_264' title='bbox 783 3141 881 3211; x_wconf 83' lang='lat' dir='ltr'>avitas,</span> <span class='ocrx_word' id='word_1_265' title='bbox 899 3142 994 3196; x_wconf 88' lang='lat' dir='ltr'>mode·</span> 
     </span>
     <span class='ocr_line' id='line_1_38' title="bbox 110 3204 994 3335; baseline -0.005 -67"><span class='ocrx_word' id='word_1_266' title='bbox 110 3204 288 3335; x_wconf 50' lang='lat' dir='ltr'>fflwguse</span> <span class='ocrx_word' id='word_1_267' title='bbox 306 3229 381 3267; x_wconf 86' lang='lat' dir='ltr'>usus.</span> <span class='ocrx_word' id='word_1_268' title='bbox 411 3216 436 3268; x_wconf 83' lang='lat'>3.</span> <span class='ocrx_word' id='word_1_269' title='bbox 448 3211 572 3273; x_wconf 84' lang='lat' dir='ltr'>Rectum.</span> <span class='ocrx_word' id='word_1_270' title='bbox 587 3217 616 3267; x_wconf 89' lang='lat' dir='ltr'>et</span> <span class='ocrx_word' id='word_1_271' title='bbox 630 3209 742 3267; x_wconf 89' lang='lat' dir='ltr'>candidi</span> <span class='ocrx_word' id='word_1_272' title='bbox 762 3227 808 3264; x_wconf 89' lang='lat' dir='ltr'>um</span> <span class='ocrx_word' id='word_1_273' title='bbox 822 3209 858 3265; x_wconf 92' lang='lat' dir='ltr'>de</span> <span class='ocrx_word' id='word_1_274' title='bbox 868 3211 994 3280; x_wconf 84' lang='lat' dir='ltr'>proximo</span> 
     </span>
    </p>
   </div>
   <div class='ocr_carea' id='block_1_9' title="bbox 0 0 1130 3772">
    <p class='ocr_par' dir='ltr' id='par_1_11' title="bbox 0 0 1130 3772">
     <span class='ocr_line' id='line_1_39' title="bbox 0 0 1130 3772; baseline 0 0"><span class='ocrx_word' id='word_1_275' title='bbox 0 0 1130 3772; x_wconf 95' lang='lat' dir='ltr'> </span> 
     </span>
    </p>
   </div>
  </div>
 </body>
</html>
