2250 3772
816 183 971 215 ,Μ

112 250 174 315 166
348 249 453 336 Caput
473 252 498 314 1.
543 251 595 314 De
618 252 782 336 decalogo,

182 415 264 482 (Quia
292 418 480 472 substantialis
506 419 562 472 ima
583 419 668 473 oDei
696 425 739 473 est
765 419 840 473 solus
865 417 937 472 filius
952 417 990 472 ue

114 487 166 539 Col
196 490 218 552 l,
241 490 281 542 15,
304 489 389 539 Heba.
410 492 433 549 1,
452 490 479 542 3.
515 487 549 540 ln
562 436 675 542 domine
695 495 738 544 est
755 487 940 554 accidentalis,
952 501 990 541 eor

115 555 214 608 sistens
232 555 262 608 in
278 555 425 609 sanctitate
445 561 473 609 et
489 557 607 625 justitia,
626 558 701 625 Epis.
713 561 736 625 4,
751 557 814 625 24.)

197 658 284 738 Quia
303 661 331 724 4.
355 658 460 735 homo,
479 660 586 742 quoad
607 657 828 736 substantiam,
855 658 937 724 bona
951 656 990 721 Dr

111 754 256 807 creatura
278 755 335 820 est,
357 767 439 826 quae
462 744 558 808 etiam
578 766 663 809 nimo
685 768 703 808 a
721 745 793 810 Deo
815 755 944 819 creatur,
961 762 990 805 su

110 838 266 891 stentatur
296 841 326 892 et
347 842 553 913 propagatur,
574 841 653 892 teste
677 832 771 914 syrah.
795 841 895 937 apqst.
927 825 990 892 Ocu

110 913 164 975 a.
190 914 260 989 roo,
282 919 310 976 a.
334 926 365 976 a
386 917 438 977 rs.
463 915 532 997 139,
553 914 583 977 5.
608 914 657 978 14.

181 1011 255 1077 (Non
278 1029 344 1083 orgo
369 1020 411 1066 est
435 1021 589 1083 peceatum.
631 1013 784 1068 Peccatum
807 1012 880 1066 enim
903 1027 953 1066 non
970 1024 990 1063 a

112 1079 228 1148 bonum,
255 1082 304 1135 sed
331 1082 441 1138 malum.
476 1082 539 1138 Non
565 1088 607 1135 est
631 1098 649 1135 a
666 1081 741 1150 De03
770 1080 858 1136 multo
877 1080 990 1135 minus·

109 1148 214 1286 pqqqpr)
242 1157 426 1220 propagatur,
462 1157 642 1214 sustentatur,
670 1150 719 1205 sed
742 1168 760 1205 a
785 1149 913 1205 Diabolo.
944 1143 990 1203 idd

197 1318 284 1400 Quia
316 1321 453 1404 denique
488 1321 517 1385 5.
547 1320 616 1404 ipse
648 1320 731 1384 filius
754 1321 819 1385 Dei
852 1323 990 1386 humanu

109 1415 255 1468 naturam
277 1404 433 1489 assumsit,
457 1406 655 1489 eandemque
673 1406 817 1484 redemit,
838 1405 990 1471 sanctifica

108 1512 128 1552 a
150 1489 281 1552 mortuis
303 1490 478 1566 resuscitat,
500 1505 531 1554 et
551 1491 681 1554 coelesti
703 1491 807 1576 gloria
828 1503 927 1557 ornat.
953 1488 990 1552 At

111 1574 168 1656 qui
190 1585 338 1638 neutrum
368 1574 481 1638 horum
509 1576 575 1639 ulla
604 1576 726 1639 ratione
756 1576 796 1640 de
816 1588 945 1661 peccato
963 1590 990 1636 st

110 1658 173 1722 seri
206 1671 319 1744 potest.
378 1661 467 1744 Ergo
506 1683 565 1724 nec
597 1674 763 1745 peccatum
796 1660 933 1726 humana
959 1675 990 1720 na

110 1755 180 1807 tura
206 1755 261 1807 est.

179 1843 272 1909 (Ratio
292 1851 312 1899 l.
332 1850 360 1898 et
380 1850 402 1899 2.
422 1845 540 1896 sumitur
557 1842 593 1897 ab
612 1844 745 1913 adjuncta
762 1847 931 1914 proprietate
947 1853 990 1896 ace

109 1913 247 1977 dentium,
267 1930 384 1983 quorum
409 1929 468 1967 esse
487 1917 528 1966 est
545 1914 654 1974 inesse,
678 1929 794 1983 quorum
833 1914 990 1986 ropriume

110 1998 128 2035 a
148 1983 274 2051 subjecto
293 1983 418 2052 separaei
427 1998 516 2050 posse.
541 1987 564 2034 3.
577 1981 606 2035 Α
619 1981 765 2036 contrario.
791 1932 990 2056 Cdntrariaeqss

109 2051 310 2122 dignoscuntur
330 2068 348 2105 a
365 2049 517 2115 contrariis,
534 2055 562 2103 et
579 2049 779 2104 contrariorum
790 2058 855 2105 sunt
867 2056 990 2105 contraris

107 2120 299 2240 proprietates.
350 2125 375 2175 4.
401 2118 447 2172 Ab
478 2118 614 2172 efficiente
645 2123 808 2186 procreante
835 2113 990 2173 conservant

110 2195 135 2244 5.
181 2187 200 2241 b
219 2187 366 2257 oppositis,
389 2205 488 2257 nempe
513 2187 703 2252 redemtionis,
726 2186 950 2243 sanctificationis
966 2181 990 2235 0*

108 2272 200 2335 opere,
213 2256 294 2376 quod
313 2256 476 2326 neutiquam
493 2260 609 2326 peccato
631 2255 745 2308 attribui
767 2262 868 2324 potest.
910 2258 990 2310 Erro

108 2323 194 2393 igitur
237 2325 350 2376 'lociana'
373 2330 401 2378 et
421 2325 682 2386 substantialium,
708 2323 756 2393 qui
774 2330 902 2378 asserunt
926 2319 990 2394 con}

108 2408 238 2460 expressa
257 2392 416 2462 scripturae
432 2393 591 2446 testimonia
629 2398 755 2447 eccatum
773 2392 888 2463 originis
908 2399 990 2447 essel

107 2477 167 2513 sam
193 2466 335 2526 naturam,
360 2461 505 2515 essentiam
529 2466 558 2516 et
582 2480 615 2514 su
636 2461 766 2514 stantiam
790 2461 940 2516 humanam
964 2466 990 2509 0⁴

108 2534 220 2599 ruptam
240 2537 267 2583 et
286 2531 473 2599 depravatam.
509 2530 593 2583 Flac.
607 2531 675 2584 clav.
695 2530 788 2599 script.
810 2536 883 2599 part.
897 2537 920 2584 2.
940 2536 990 2585 πθ

110 2607 134 2650 a.
155 2599 189 2650 de
210 2615 286 2667 pecc.
305 2600 373 2669 orig.
392 2616 420 2667 p.
440 2605 497 2653 039.
517 2617 544 2651 n.
563 2604 603 2652 60.
621 2599 710 2668 ipsam
728 2597 914 2653 substantiam
925 2598 990 2673 imlf

106 2675 202 2732 tetam,
220 2668 248 2718 in
267 2667 435 2722 contrariam
453 2667 603 2737 imaginem
622 2667 854 2734 transformatam,
874 2674 990 2721 assantes

111 2735 342 2803 transformatam,
361 2755 387 2806 p.
408 2743 466 2791 646.
486 2755 511 2790 n.
531 2742 572 2791 60.
610 2738 670 2788 Nec
688 2736 778 2794 obstat
797 2743 817 2790 1.
837 2736 913 2804 quod
931 2736 990 2807 ips¹

106 2821 167 2871 cor,
186 2805 194 2857 i
217 2820 249 2856 sa
267 2805 370 2868 anima,
396 2808 467 2874 cam,
487 2805 612 2874 adeoque
632 2809 707 2857 totus
732 2803 813 2857 homo
830 2822 849 2873 p
892 2810 942 2859 nat
958 2811 990 2857 οἱ

106 2873 168 2943 lege
218 2873 251 2938 ei,
275 2875 357 2928 Rom.
377 2881 400 2941 a,
428 2879 535 2941 tseqq.
579 2874 645 2927 Gal.
664 2877 690 2929 5.
712 2875 753 2924 17.
793 2875 871 2925 Matt
892 2914 898 2927 .
918 2878 961 2938 15,

105 2940 158 2994 Est
184 2944 256 2995 enim
281 2942 386 2995 elench.
411 2959 541 3011 conseqq.
566 2948 595 2995 et
617 2948 642 2996 4.
667 2940 861 3003 terminorum,
885 2958 949 2996 oum
969 2949 990 2989 c

106 3010 213 3076 anima,
237 3026 316 3078 caro,
340 3009 429 3076 homo,
450 3018 576 3079 pugnent
599 3027 663 3064 cum
683 3010 746 3130 lege
765 3026 821 3062 non
843 3026 894 3078 per
913 3027 956 3080 se,
985 3017 990 3027 ’

106 3095 162 3149 qua
191 3077 359 3146 substantia,
395 3078 441 3132 vel
469 3079 638 3147 formaliter,
682 3095 710 3132 se
759 3079 913 3132 seeundum
944 3088 990 3150 qu

105 3163 205 3215 nempe
224 3146 258 3200 ob
281 3147 484 3201 deformitatem
503 3147 588 3214 illam,
606 3164 677 3217 quae
698 3152 740 3201 est
760 3147 788 3198 in
807 3147 909 3213 anima,
930 3158 990 3202 cor*

106 3231 200 3268 carne.
235 3215 312 3269 Haec
330 3216 403 3269 euim
421 3216 532 3286 proprie
549 3225 658 3286 pugnat
675 3232 739 3269 cum
758 3215 821 3286 lege
838 3216 900 3272 Dei.
928 3215 990 3285 Am

106 3283 147 3336 sic
166 3300 228 3352 cor,
247 3285 353 3351 anima,
373 3285 455 3338 homo
481 3290 523 3338 est
546 3285 657 3354 quidem
683 3283 802 3355 diupo„
825 3285 876 3339 sed
900 3302 957 3340 non
984 3300 990 3328 ⁴
