<?xml version="1.0" encoding="UTF-8"?>
<!DOCTYPE html PUBLIC "-//W3C//DTD XHTML 1.0 Transitional//EN"
    "http://www.w3.org/TR/xhtml1/DTD/xhtml1-transitional.dtd">
<html xmlns="http://www.w3.org/1999/xhtml" xml:lang="en" lang="en">
 <head>
  <title>
</title>
<meta http-equiv="Content-Type" content="text/html;charset=utf-8" />
  <meta name='ocr-system' content='tesseract 3.04.00' />
  <meta name='ocr-capabilities' content='ocr_page ocr_carea ocr_par ocr_line ocrx_word'/>
</head>
<body>
  <div class='ocr_page' id='page_1' title='image "./dconradidieteri00dietgoog_0251.png"; bbox 0 0 2250 3772; ppageno 0'>
   <div class='ocr_carea' id='block_1_1' title="bbox 103 189 887 325">
    <p class='ocr_par' dir='ltr' id='par_1_1' title="bbox 103 189 887 325">
     <span class='ocr_line' id='line_1_1' title="bbox 103 189 887 325; baseline 0 -20"><span class='ocrx_word' id='word_1_1' title='bbox 103 238 170 305; x_wconf 79' lang='lat'>218</span> <span class='ocrx_word' id='word_1_2' title='bbox 242 238 348 325; x_wconf 88' lang='lat' dir='ltr'>Caput</span> <span class='ocrx_word' id='word_1_3' title='bbox 369 237 412 306; x_wconf 88' lang='lat' dir='ltr'>H.</span> <span class='ocrx_word' id='word_1_4' title='bbox 455 240 508 304; x_wconf 91' lang='lat' dir='ltr'>De</span> <span class='ocrx_word' id='word_1_5' title='bbox 533 189 680 323; x_wconf 79' lang='lat' dir='ltr'>symbolo</span> <span class='ocrx_word' id='word_1_6' title='bbox 703 239 887 325; x_wconf 83' lang='lat' dir='ltr'>apostolico.</span> 
     </span>
    </p>
   </div>
   <div class='ocr_carea' id='block_1_2' title="bbox 104 408 926 956">
    <p class='ocr_par' dir='ltr' id='par_1_2' title="bbox 104 408 926 956">
     <span class='ocr_line' id='line_1_2' title="bbox 106 408 926 474; baseline 0.001 -12"><span class='ocrx_word' id='word_1_7' title='bbox 106 413 185 462; x_wconf 88' lang='lat' dir='ltr'>tract.</span> <span class='ocrx_word' id='word_1_8' title='bbox 204 412 246 464; x_wconf 67' lang='lat'>29.</span> <span class='ocrx_word' id='word_1_9' title='bbox 264 408 294 461; x_wconf 91' lang='lat' dir='ltr'>in</span> <span class='ocrx_word' id='word_1_10' title='bbox 310 408 483 474; x_wconf 84' lang='lat' dir='ltr'>Johannem,</span> <span class='ocrx_word' id='word_1_11' title='bbox 501 416 521 463; x_wconf 90' lang='lat' dir='ltr'>t.</span> <span class='ocrx_word' id='word_1_12' title='bbox 542 416 566 464; x_wconf 83' lang='lat'>9.</span> <span class='ocrx_word' id='word_1_13' title='bbox 583 408 634 463; x_wconf 88' lang='lat' dir='ltr'>coi.</span> <span class='ocrx_word' id='word_1_14' title='bbox 654 414 716 463; x_wconf 78' lang='lat'>245:</span> <span class='ocrx_word' id='word_1_15' title='bbox 746 427 804 463; x_wconf 78' lang='lat' dir='ltr'>aaa</span> <span class='ocrx_word' id='word_1_16' title='bbox 821 409 926 463; x_wconf 76' lang='lat' dir='ltr'>contina</span> 
     </span>
     <span class='ocr_line' id='line_1_3' title="bbox 106 476 926 547; baseline 0.005 -19"><span class='ocrx_word' id='word_1_17' title='bbox 106 476 181 547; x_wconf 88' lang='lat' dir='ltr'>quit,</span> <span class='ocrx_word' id='word_1_18' title='bbox 208 478 259 546; x_wconf 74' lang='lat' dir='ltr'>qai</span> <span class='ocrx_word' id='word_1_19' title='bbox 281 477 372 531; x_wconf 82' lang='lat' dir='ltr'>credit</span> <span class='ocrx_word' id='word_1_20' title='bbox 390 479 429 544; x_wconf 84' lang='lat' dir='ltr'>ei,</span> <span class='ocrx_word' id='word_1_21' title='bbox 455 480 547 531; x_wconf 80' lang='lat' dir='ltr'>credit</span> <span class='ocrx_word' id='word_1_22' title='bbox 563 480 594 531; x_wconf 81' lang='lat' dir='ltr'>ia</span> <span class='ocrx_word' id='word_1_23' title='bbox 612 495 681 531; x_wconf 85' lang='lat' dir='ltr'>eam.</span> <span class='ocrx_word' id='word_1_24' title='bbox 719 478 797 530; x_wconf 84' lang='lat' dir='ltr'>Nam</span> <span class='ocrx_word' id='word_1_25' title='bbox 816 486 843 530; x_wconf 88' lang='lat' dir='ltr'>et</span> <span class='ocrx_word' id='word_1_26' title='bbox 860 480 926 532; x_wconf 77' lang='lat' dir='ltr'>Daa</span> 
     </span>
     <span class='ocr_line' id='line_1_4' title="bbox 104 545 926 609; baseline 0.004 -11"><span class='ocrx_word' id='word_1_27' title='bbox 104 547 256 600; x_wconf 78' lang='lat' dir='ltr'>credebaut</span> <span class='ocrx_word' id='word_1_28' title='bbox 268 546 302 609; x_wconf 80' lang='lat' dir='ltr'>ei,</span> <span class='ocrx_word' id='word_1_29' title='bbox 320 549 439 600; x_wconf 81' lang='lat' dir='ltr'>sednon</span> <span class='ocrx_word' id='word_1_30' title='bbox 451 548 601 600; x_wconf 82' lang='lat' dir='ltr'>credebant</span> <span class='ocrx_word' id='word_1_31' title='bbox 614 547 643 598; x_wconf 82' lang='lat' dir='ltr'>ia</span> <span class='ocrx_word' id='word_1_32' title='bbox 658 562 726 598; x_wconf 83' lang='lat' dir='ltr'>eam.</span> <span class='ocrx_word' id='word_1_33' title='bbox 759 545 926 601; x_wconf 76' lang='lat' dir='ltr'>Credimiwl</span> 
     </span>
     <span class='ocr_line' id='line_1_5' title="bbox 106 616 926 680; baseline 0.004 -15"><span class='ocrx_word' id='word_1_34' title='bbox 106 616 159 667; x_wconf 83' lang='lat' dir='ltr'>aed</span> <span class='ocrx_word' id='word_1_35' title='bbox 174 634 230 668; x_wconf 85' lang='lat' dir='ltr'>non</span> <span class='ocrx_word' id='word_1_36' title='bbox 248 616 390 668; x_wconf 77' lang='lat' dir='ltr'>credimur</span> <span class='ocrx_word' id='word_1_37' title='bbox 407 617 438 668; x_wconf 83' lang='lat' dir='ltr'>ia</span> <span class='ocrx_word' id='word_1_38' title='bbox 455 617 578 669; x_wconf 79' lang='lat' dir='ltr'>Paulam</span> <span class='ocrx_word' id='word_1_39' title='bbox 586 636 599 680; x_wconf 85' lang='lat'>,·</span> <span class='ocrx_word' id='word_1_40' title='bbox 615 616 757 668; x_wconf 72' lang='lat' dir='ltr'>credimus</span> <span class='ocrx_word' id='word_1_41' title='bbox 775 616 878 673; x_wconf 80' lang='lat' dir='ltr'>Patra.</span> <span class='ocrx_word' id='word_1_42' title='bbox 893 632 926 669; x_wconf 78' lang='lat' dir='ltr'>aa</span> 
     </span>
     <span class='ocr_line' id='line_1_6' title="bbox 106 683 926 753; baseline 0.004 -17"><span class='ocrx_word' id='word_1_43' title='bbox 106 684 249 736; x_wconf 79' lang='lat' dir='ltr'>credimus</span> <span class='ocrx_word' id='word_1_44' title='bbox 276 685 307 737; x_wconf 84' lang='lat' dir='ltr'>ia</span> <span class='ocrx_word' id='word_1_45' title='bbox 329 686 462 737; x_wconf 71' lang='lat' dir='ltr'>Patruini</span> <span class='ocrx_word' id='word_1_46' title='bbox 492 685 563 753; x_wconf 77' lang='lat' dir='ltr'>qaid</span> <span class='ocrx_word' id='word_1_47' title='bbox 579 692 620 737; x_wconf 85' lang='lat' dir='ltr'>eat</span> <span class='ocrx_word' id='word_1_48' title='bbox 635 702 702 751; x_wconf 81' lang='lat' dir='ltr'>erpo</span> <span class='ocrx_word' id='word_1_49' title='bbox 722 686 840 736; x_wconf 78' lang='lat' dir='ltr'>credere</span> <span class='ocrx_word' id='word_1_50' title='bbox 859 683 926 739; x_wconf 75' lang='lat' dir='ltr'>iuli</span> 
     </span>
     <span class='ocr_line' id='line_1_7' title="bbox 107 753 925 821; baseline 0.001 -16"><span class='ocrx_word' id='word_1_51' title='bbox 107 753 255 806; x_wconf 74' lang='lat' dir='ltr'>Credando</span> <span class='ocrx_word' id='word_1_52' title='bbox 274 770 384 821; x_wconf 82' lang='lat' dir='ltr'>amare,</span> <span class='ocrx_word' id='word_1_53' title='bbox 411 756 553 807; x_wconf 80' lang='lat' dir='ltr'>credendo</span> <span class='ocrx_word' id='word_1_54' title='bbox 574 753 696 821; x_wconf 79' lang='lat' dir='ltr'>dilipere</span> <span class='ocrx_word' id='word_1_55' title='bbox 735 754 876 806; x_wconf 82' lang='lat' dir='ltr'>credendo</span> <span class='ocrx_word' id='word_1_56' title='bbox 897 754 925 806; x_wconf 78' lang='lat' dir='ltr'>in</span> 
     </span>
     <span class='ocr_line' id='line_1_8' title="bbox 105 793 926 891; baseline 0.007 -20"><span class='ocrx_word' id='word_1_57' title='bbox 105 819 161 883; x_wconf 83' lang='lat' dir='ltr'>ire,</span> <span class='ocrx_word' id='word_1_58' title='bbox 186 829 212 874; x_wconf 85' lang='lat' dir='ltr'>et</span> <span class='ocrx_word' id='word_1_59' title='bbox 237 820 299 888; x_wconf 79' lang='lat' dir='ltr'>ejas</span> <span class='ocrx_word' id='word_1_60' title='bbox 317 822 447 874; x_wconf 60' lang='lat' dir='ltr'>memma</span> <span class='ocrx_word' id='word_1_61' title='bbox 465 823 654 891; x_wconf 76' lang='lat' dir='ltr'>incorporari.</span> <span class='ocrx_word' id='word_1_62' title='bbox 693 793 798 875; x_wconf 67' lang='lat' dir='ltr'>lionfer</span> <span class='ocrx_word' id='word_1_63' title='bbox 821 827 926 877; x_wconf 86' lang='lat' dir='ltr'>sermt</span> 
     </span>
     <span class='ocr_line' id='line_1_9' title="bbox 105 888 656 956; baseline 0.002 -14"><span class='ocrx_word' id='word_1_64' title='bbox 105 888 189 942; x_wconf 83' lang='lat' dir='ltr'>verbo</span> <span class='ocrx_word' id='word_1_65' title='bbox 201 888 314 943; x_wconf 89' lang='lat' dir='ltr'><strong>Domini</strong></span> <span class='ocrx_word' id='word_1_66' title='bbox 332 896 398 945; x_wconf 88' lang='lat' dir='ltr'>tom.</span> <span class='ocrx_word' id='word_1_67' title='bbox 420 897 458 945; x_wconf 85' lang='lat'>10.</span> <span class='ocrx_word' id='word_1_68' title='bbox 477 892 528 945; x_wconf 88' lang='lat' dir='ltr'>col.</span> <span class='ocrx_word' id='word_1_69' title='bbox 548 891 656 956; x_wconf 78' lang='lat' dir='ltr'>228D)</span> 
     </span>
    </p>
   </div>
   <div class='ocr_carea' id='block_1_3' title="bbox 275 991 856 1080">
    <p class='ocr_par' dir='ltr' id='par_1_3' title="bbox 275 991 856 1080">
     <span class='ocr_line' id='line_1_10' title="bbox 275 991 856 1080; baseline 0 -25"><span class='ocrx_word' id='word_1_70' title='bbox 275 991 305 1055; x_wconf 86' lang='grc'>6.</span> <span class='ocrx_word' id='word_1_71' title='bbox 344 992 409 1055; x_wconf 76' lang='lat' dir='ltr'>Cur</span> <span class='ocrx_word' id='word_1_72' title='bbox 431 995 571 1080; x_wconf 77' lang='lat' dir='ltr'><em>appellas</em></span> <span class='ocrx_word' id='word_1_73' title='bbox 585 994 690 1058; x_wconf 80' lang='lat' dir='ltr'>Deam</span> <span class='ocrx_word' id='word_1_74' title='bbox 703 994 856 1058; x_wconf 73' lang='lat' dir='ltr'>Patrem?</span> 
     </span>
    </p>
   </div>
   <div class='ocr_carea' id='block_1_4' title="bbox 105 1091 926 2167">
    <p class='ocr_par' dir='ltr' id='par_1_4' title="bbox 106 1091 926 1604">
     <span class='ocr_line' id='line_1_11' title="bbox 195 1091 926 1179; baseline 0.003 -24"><span class='ocrx_word' id='word_1_75' title='bbox 195 1093 223 1156; x_wconf 89' lang='grc'>1.</span> <span class='ocrx_word' id='word_1_76' title='bbox 245 1091 407 1178; x_wconf 87' lang='lat' dir='ltr'>Respectu</span> <span class='ocrx_word' id='word_1_77' title='bbox 429 1093 505 1156; x_wconf 87' lang='lat' dir='ltr'>Filii</span> <span class='ocrx_word' id='word_1_78' title='bbox 526 1094 701 1179; x_wconf 87' lang='lat' dir='ltr'>unigeniti,</span> <span class='ocrx_word' id='word_1_79' title='bbox 730 1117 827 1178; x_wconf 91' lang='lat' dir='ltr'>quem</span> <span class='ocrx_word' id='word_1_80' title='bbox 852 1117 891 1158; x_wconf 88' lang='lat' dir='ltr'>ex</span> <span class='ocrx_word' id='word_1_81' title='bbox 910 1116 926 1157; x_wconf 90' lang='lat' dir='ltr'>s</span> 
     </span>
     <span class='ocr_line' id='line_1_12' title="bbox 108 1177 926 1264; baseline 0.004 -25"><span class='ocrx_word' id='word_1_82' title='bbox 108 1177 148 1239; x_wconf 88' lang='lat' dir='ltr'>ab</span> <span class='ocrx_word' id='word_1_83' title='bbox 165 1185 294 1241; x_wconf 90' lang='lat' dir='ltr'>aeterno</span> <span class='ocrx_word' id='word_1_84' title='bbox 309 1177 428 1261; x_wconf 79' lang='lat' dir='ltr'>genuit.</span> <span class='ocrx_word' id='word_1_85' title='bbox 464 1180 493 1245; x_wconf 80' lang='lat'>2.</span> <span class='ocrx_word' id='word_1_86' title='bbox 515 1178 677 1264; x_wconf 87' lang='lat' dir='ltr'>Respectu</span> <span class='ocrx_word' id='word_1_87' title='bbox 692 1179 803 1255; x_wconf 84' lang='lat' dir='ltr'>nostri,</span> <span class='ocrx_word' id='word_1_88' title='bbox 823 1180 926 1262; x_wconf 82' lang='lat' dir='ltr'>quial</span> 
     </span>
     <span class='ocr_line' id='line_1_13' title="bbox 107 1261 923 1350; baseline 0.004 -25"><span class='ocrx_word' id='word_1_89' title='bbox 107 1261 235 1345; x_wconf 87' lang='lat' dir='ltr'>creavit,</span> <span class='ocrx_word' id='word_1_90' title='bbox 257 1263 286 1325; x_wconf 80' lang='lat'>2.</span> <span class='ocrx_word' id='word_1_91' title='bbox 303 1262 336 1325; x_wconf 94' lang='lat' dir='ltr'>in</span> <span class='ocrx_word' id='word_1_92' title='bbox 358 1263 475 1326; x_wconf 89' lang='lat' dir='ltr'>dilecto</span> <span class='ocrx_word' id='word_1_93' title='bbox 490 1263 576 1327; x_wconf 88' lang='lat' dir='ltr'>Filio</span> <span class='ocrx_word' id='word_1_94' title='bbox 599 1287 656 1328; x_wconf 92' lang='lat' dir='ltr'>suo</span> <span class='ocrx_word' id='word_1_95' title='bbox 678 1265 712 1326; x_wconf 90' lang='lat' dir='ltr'>in</span> <span class='ocrx_word' id='word_1_96' title='bbox 737 1263 820 1327; x_wconf 88' lang='lat' dir='ltr'>filios</span> <span class='ocrx_word' id='word_1_97' title='bbox 844 1264 923 1350; x_wconf 83' lang='lat' dir='ltr'>adop</span> 
     </span>
     <span class='ocr_line' id='line_1_14' title="bbox 107 1348 926 1433; baseline 0.002 -23"><span class='ocrx_word' id='word_1_98' title='bbox 107 1359 139 1410; x_wconf 90' lang='lat' dir='ltr'>et</span> <span class='ocrx_word' id='word_1_99' title='bbox 160 1348 190 1411; x_wconf 84' lang='lat'>3.</span> <span class='ocrx_word' id='word_1_100' title='bbox 212 1359 345 1430; x_wconf 88' lang='lat' dir='ltr'>paterno</span> <span class='ocrx_word' id='word_1_101' title='bbox 368 1370 426 1412; x_wconf 92' lang='lat' dir='ltr'>nos</span> <span class='ocrx_word' id='word_1_102' title='bbox 448 1371 556 1412; x_wconf 88' lang='lat' dir='ltr'>amore</span> <span class='ocrx_word' id='word_1_103' title='bbox 577 1363 672 1433; x_wconf 86' lang='lat' dir='ltr'>atque</span> <span class='ocrx_word' id='word_1_104' title='bbox 695 1371 772 1412; x_wconf 86' lang='lat' dir='ltr'>cura</span> <span class='ocrx_word' id='word_1_105' title='bbox 788 1364 926 1433; x_wconf 79' lang='lat' dir='ltr'>tanquan</span> 
     </span>
     <span class='ocr_line' id='line_1_15' title="bbox 107 1431 922 1519; baseline 0.006 -27"><span class='ocrx_word' id='word_1_106' title='bbox 107 1445 155 1495; x_wconf 85' lang='lat' dir='ltr'>ter</span> <span class='ocrx_word' id='word_1_107' title='bbox 175 1431 259 1495; x_wconf 84' lang='lat' dir='ltr'>filios</span> <span class='ocrx_word' id='word_1_108' title='bbox 280 1454 355 1495; x_wconf 91' lang='lat' dir='ltr'>suos</span> <span class='ocrx_word' id='word_1_109' title='bbox 381 1434 596 1519; x_wconf 82' lang='lat' dir='ltr'>prosequitur,</span> <span class='ocrx_word' id='word_1_110' title='bbox 618 1434 722 1517; x_wconf 90' lang='lat' dir='ltr'>deque</span> <span class='ocrx_word' id='word_1_111' title='bbox 737 1434 922 1499; x_wconf 86' lang='lat' dir='ltr'>necessariis</span> 
     </span>
     <span class='ocr_line' id='line_1_16' title="bbox 106 1517 502 1604; baseline 0.01 -26"><span class='ocrx_word' id='word_1_112' title='bbox 106 1517 200 1579; x_wconf 87' lang='lat' dir='ltr'>nibus</span> <span class='ocrx_word' id='word_1_113' title='bbox 223 1517 317 1580; x_wconf 82' lang='lat' dir='ltr'>nobis</span> <span class='ocrx_word' id='word_1_114' title='bbox 338 1518 502 1604; x_wconf 80' lang='lat' dir='ltr'>prospicit.</span> 
     </span>
    </p>

    <p class='ocr_par' dir='ltr' id='par_1_5' title="bbox 105 1614 926 2167">
     <span class='ocr_line' id='line_1_17' title="bbox 177 1614 926 1688; baseline 0 -17"><span class='ocrx_word' id='word_1_115' title='bbox 177 1614 296 1681; x_wconf 86' lang='lat' dir='ltr'>(Nomen</span> <span class='ocrx_word' id='word_1_116' title='bbox 314 1616 368 1670; x_wconf 90' lang='lat' dir='ltr'>Dei</span> <span class='ocrx_word' id='word_1_117' title='bbox 388 1615 440 1671; x_wconf 89' lang='lat' dir='ltr'>hoc</span> <span class='ocrx_word' id='word_1_118' title='bbox 458 1617 518 1671; x_wconf 86' lang='lat' dir='ltr'>loco</span> <span class='ocrx_word' id='word_1_119' title='bbox 538 1617 674 1686; x_wconf 82' lang='lat' dir='ltr'>accipitur</span> <span class='ocrx_word' id='word_1_120' title='bbox 691 1618 874 1674; x_wconf 78' lang='lat' dir='ltr'>essentialiter</span> <span class='ocrx_word' id='word_1_121' title='bbox 892 1636 926 1688; x_wconf 85' lang='lat' dir='ltr'>pn</span> 
     </span>
     <span class='ocr_line' id='line_1_18' title="bbox 105 1684 925 1757; baseline 0.005 -19"><span class='ocrx_word' id='word_1_122' title='bbox 105 1685 205 1748; x_wconf 85' lang='lat' dir='ltr'>Patre,</span> <span class='ocrx_word' id='word_1_123' title='bbox 223 1684 295 1738; x_wconf 84' lang='lat' dir='ltr'>Filio</span> <span class='ocrx_word' id='word_1_124' title='bbox 315 1692 343 1739; x_wconf 91' lang='lat' dir='ltr'>et</span> <span class='ocrx_word' id='word_1_125' title='bbox 362 1685 466 1755; x_wconf 86' lang='lat' dir='ltr'>Spiritu</span> <span class='ocrx_word' id='word_1_126' title='bbox 485 1691 596 1748; x_wconf 81' lang='lat' dir='ltr'>sancto,</span> <span class='ocrx_word' id='word_1_127' title='bbox 618 1686 683 1757; x_wconf 86' lang='lat' dir='ltr'>quia</span> <span class='ocrx_word' id='word_1_128' title='bbox 698 1684 813 1739; x_wconf 82' lang='lat' dir='ltr'>verbum</span> <span class='ocrx_word' id='word_1_129' title='bbox 833 1687 925 1750; x_wconf 89' lang='lat' dir='ltr'>credo,</span> 
     </span>
     <span class='ocr_line' id='line_1_19' title="bbox 105 1752 926 1825; baseline 0.004 -18"><span class='ocrx_word' id='word_1_130' title='bbox 105 1752 243 1823; x_wconf 87' lang='lat' dir='ltr'>particula</span> <span class='ocrx_word' id='word_1_131' title='bbox 262 1754 294 1807; x_wconf 81' lang='lat' dir='ltr'>ia</span> <span class='ocrx_word' id='word_1_132' title='bbox 313 1752 433 1808; x_wconf 84' lang='lat' dir='ltr'>refertur</span> <span class='ocrx_word' id='word_1_133' title='bbox 458 1754 554 1809; x_wconf 90' lang='lat' dir='ltr'>eodem</span> <span class='ocrx_word' id='word_1_134' title='bbox 578 1755 660 1808; x_wconf 90' lang='lat' dir='ltr'>modo</span> <span class='ocrx_word' id='word_1_135' title='bbox 681 1754 716 1808; x_wconf 89' lang='lat' dir='ltr'>ad</span> <span class='ocrx_word' id='word_1_136' title='bbox 736 1772 831 1809; x_wconf 88' lang='lat' dir='ltr'>omnes</span> <span class='ocrx_word' id='word_1_137' title='bbox 851 1762 926 1825; x_wconf 72' lang='lat' dir='ltr'>tres]</span> 
     </span>
     <span class='ocr_line' id='line_1_20' title="bbox 107 1822 926 1893; baseline 0.002 -17"><span class='ocrx_word' id='word_1_138' title='bbox 107 1840 156 1876; x_wconf 83' lang='lat' dir='ltr'>nas</span> <span class='ocrx_word' id='word_1_139' title='bbox 176 1822 338 1878; x_wconf 85' lang='lat' dir='ltr'>divinitatis.</span> <span class='ocrx_word' id='word_1_140' title='bbox 377 1823 439 1878; x_wconf 91' lang='lat' dir='ltr'>Non</span> <span class='ocrx_word' id='word_1_141' title='bbox 458 1839 525 1893; x_wconf 85' lang='lat' dir='ltr'>ergo</span> <span class='ocrx_word' id='word_1_142' title='bbox 544 1823 683 1892; x_wconf 88' lang='lat' dir='ltr'>sequitur:</span> <span class='ocrx_word' id='word_1_143' title='bbox 706 1824 790 1877; x_wconf 86' lang='lat' dir='ltr'>credo</span> <span class='ocrx_word' id='word_1_144' title='bbox 806 1824 835 1876; x_wconf 92' lang='lat' dir='ltr'>in</span> <span class='ocrx_word' id='word_1_145' title='bbox 855 1825 926 1878; x_wconf 85' lang='lat' dir='ltr'>Deur</span> 
     </span>
     <span class='ocr_line' id='line_1_21' title="bbox 106 1891 908 1960; baseline 0.004 -16"><span class='ocrx_word' id='word_1_146' title='bbox 106 1898 184 1947; x_wconf 89' lang='lat' dir='ltr'>trem.</span> <span class='ocrx_word' id='word_1_147' title='bbox 221 1891 254 1944; x_wconf 88' lang='lat' dir='ltr'>E.</span> <span class='ocrx_word' id='word_1_148' title='bbox 273 1891 362 1945; x_wconf 81' lang='lat' dir='ltr'>Filius</span> <span class='ocrx_word' id='word_1_149' title='bbox 381 1898 408 1946; x_wconf 90' lang='lat' dir='ltr'>et</span> <span class='ocrx_word' id='word_1_150' title='bbox 420 1892 539 1960; x_wconf 85' lang='lat' dir='ltr'>Spiritus</span> <span class='ocrx_word' id='word_1_151' title='bbox 554 1898 666 1945; x_wconf 88' lang='lat' dir='ltr'>sanctus</span> <span class='ocrx_word' id='word_1_152' title='bbox 680 1909 735 1946; x_wconf 92' lang='lat' dir='ltr'>non</span> <span class='ocrx_word' id='word_1_153' title='bbox 747 1900 812 1946; x_wconf 87' lang='lat' dir='ltr'>sunt</span> <span class='ocrx_word' id='word_1_154' title='bbox 823 1893 908 1948; x_wconf 82' lang='lat' dir='ltr'>Deus.</span> 
     </span>
     <span class='ocr_line' id='line_1_22' title="bbox 106 1958 926 2030; baseline 0.002 -17"><span class='ocrx_word' id='word_1_155' title='bbox 106 1960 134 2013; x_wconf 92' lang='lat' dir='ltr'>in</span> <span class='ocrx_word' id='word_1_156' title='bbox 146 1960 247 2013; x_wconf 83' lang='lat' dir='ltr'>Filium</span> <span class='ocrx_word' id='word_1_157' title='bbox 262 1967 290 2014; x_wconf 89' lang='lat' dir='ltr'>et</span> <span class='ocrx_word' id='word_1_158' title='bbox 304 1958 439 2030; x_wconf 86' lang='lat' dir='ltr'>Spiritum</span> <span class='ocrx_word' id='word_1_159' title='bbox 457 1968 582 2014; x_wconf 88' lang='lat' dir='ltr'>sanctum</span> <span class='ocrx_word' id='word_1_160' title='bbox 601 1979 657 2014; x_wconf 95' lang='lat' dir='ltr'>non</span> <span class='ocrx_word' id='word_1_161' title='bbox 675 1961 852 2016; x_wconf 85' lang='lat' dir='ltr'>credendum.</span> <span class='ocrx_word' id='word_1_162' title='bbox 882 1962 926 2016; x_wconf 84' lang='lat' dir='ltr'>Est</span> 
     </span>
     <span class='ocr_line' id='line_1_23' title="bbox 108 2028 926 2100; baseline 0.002 -18"><span class='ocrx_word' id='word_1_163' title='bbox 108 2034 130 2083; x_wconf 90' lang='lat'>1.</span> <span class='ocrx_word' id='word_1_164' title='bbox 150 2030 242 2082; x_wconf 80' lang='lat' dir='ltr'>sallao.</span> <span class='ocrx_word' id='word_1_165' title='bbox 262 2030 376 2093; x_wconf 88' lang='lat' dir='ltr'>homon,</span> <span class='ocrx_word' id='word_1_166' title='bbox 400 2029 428 2082; x_wconf 93' lang='lat' dir='ltr'>in</span> <span class='ocrx_word' id='word_1_167' title='bbox 453 2028 589 2082; x_wconf 87' lang='lat' dir='ltr'>vocabulo</span> <span class='ocrx_word' id='word_1_168' title='bbox 610 2031 699 2097; x_wconf 81' lang='lat' dir='ltr'>neus,</span> <span class='ocrx_word' id='word_1_169' title='bbox 723 2031 798 2100; x_wconf 92' lang='lat' dir='ltr'>quod</span> <span class='ocrx_word' id='word_1_170' title='bbox 817 2028 863 2082; x_wconf 90' lang='lat' dir='ltr'>hio</span> <span class='ocrx_word' id='word_1_171' title='bbox 882 2048 926 2084; x_wconf 83' lang='lat' dir='ltr'>aer</span> 
     </span>
     <span class='ocr_line' id='line_1_24' title="bbox 107 2097 925 2167; baseline 0.001 -15"><span class='ocrx_word' id='word_1_172' title='bbox 107 2098 296 2152; x_wconf 84' lang='lat' dir='ltr'>essentialiter.</span> <span class='ocrx_word' id='word_1_173' title='bbox 335 2097 386 2151; x_wconf 85' lang='lat' dir='ltr'>Est</span> <span class='ocrx_word' id='word_1_174' title='bbox 404 2105 428 2152; x_wconf 79' lang='lat'>2.</span> <span class='ocrx_word' id='word_1_175' title='bbox 447 2097 539 2151; x_wconf 77' lang='lat' dir='ltr'>fallas.</span> <span class='ocrx_word' id='word_1_176' title='bbox 557 2099 699 2166; x_wconf 87' lang='lat' dir='ltr'>composit.</span> <span class='ocrx_word' id='word_1_177' title='bbox 726 2105 754 2151; x_wconf 89' lang='lat' dir='ltr'>et</span> <span class='ocrx_word' id='word_1_178' title='bbox 773 2098 925 2167; x_wconf 81' lang='lat' dir='ltr'>divisionis,</span> 
     </span>
    </p>
   </div>
   <div class='ocr_carea' id='block_1_5' title="bbox 105 2166 924 2303">
    <p class='ocr_par' dir='ltr' id='par_1_6' title="bbox 105 2166 924 2303">
     <span class='ocr_line' id='line_1_25' title="bbox 108 2166 924 2246; baseline 0.002 -27"><span class='ocrx_word' id='word_1_179' title='bbox 108 2182 234 2234; x_wconf 81' lang='lat' dir='ltr'>expresse</span> <span class='ocrx_word' id='word_1_180' title='bbox 253 2166 401 2246; x_wconf 80' lang='lat' dir='ltr'>subjicitur·</span> <span class='ocrx_word' id='word_1_181' title='bbox 417 2167 446 2220; x_wconf 95' lang='lat' dir='ltr'>in</span> <span class='ocrx_word' id='word_1_182' title='bbox 461 2166 602 2236; x_wconf 88' lang='lat' dir='ltr'>symbolo:</span> <span class='ocrx_word' id='word_1_183' title='bbox 622 2168 690 2220; x_wconf 92' lang='lat' dir='ltr'>etin</span> <span class='ocrx_word' id='word_1_184' title='bbox 702 2167 800 2221; x_wconf 78' lang='lat' dir='ltr'>Josum</span> <span class='ocrx_word' id='word_1_185' title='bbox 813 2167 924 2222; x_wconf 84' lang='lat' dir='ltr'>Christu</span> 
     </span>
     <span class='ocr_line' id='line_1_26' title="bbox 105 2234 557 2303; baseline -0.002 -15"><span class='ocrx_word' id='word_1_186' title='bbox 105 2234 195 2288; x_wconf 80' lang='lat' dir='ltr'>Credo</span> <span class='ocrx_word' id='word_1_187' title='bbox 213 2235 242 2287; x_wconf 93' lang='lat' dir='ltr'>in</span> <span class='ocrx_word' id='word_1_188' title='bbox 262 2234 394 2303; x_wconf 80' lang='lat' dir='ltr'>Spintum</span> <span class='ocrx_word' id='word_1_189' title='bbox 412 2239 557 2303; x_wconf 87' lang='lat' dir='ltr'>sanctum.)</span> 
     </span>
    </p>
   </div>
   <div class='ocr_carea' id='block_1_6' title="bbox 106 2354 926 2503">
    <p class='ocr_par' dir='ltr' id='par_1_7' title="bbox 106 2354 926 2503">
     <span class='ocr_line' id='line_1_27' title="bbox 106 2354 926 2486; baseline -0.007 -68"><span class='ocrx_word' id='word_1_190' title='bbox 106 2355 134 2418; x_wconf 82' lang='lat'>7.</span> <span class='ocrx_word' id='word_1_191' title='bbox 180 2354 243 2419; x_wconf 79' lang='lat' dir='ltr'>Cur</span> <span class='ocrx_word' id='word_1_192' title='bbox 264 2357 372 2418; x_wconf 75' lang='lat' dir='ltr'>adalia:</span> <span class='ocrx_word' id='word_1_193' title='bbox 401 2355 652 2486; x_wconf 46' lang='lat' dir='ltr'>omnipotentepm</span> <span class='ocrx_word' id='word_1_194' title='bbox 679 2367 855 2418; x_wconf 79' lang='lat' dir='ltr'>creatorem</span> <span class='ocrx_word' id='word_1_195' title='bbox 884 2376 926 2419; x_wconf 65' lang='lat' dir='ltr'>co&lt;</span> 
     </span>
     <span class='ocr_line' id='line_1_28' title="bbox 502 2454 620 2503; baseline 0 0"><span class='ocrx_word' id='word_1_196' title='bbox 502 2454 620 2503; x_wconf 85' lang='lat' dir='ltr'>terrac.</span> 
     </span>
    </p>
   </div>
   <div class='ocr_carea' id='block_1_7' title="bbox 104 2540 926 2871">
    <p class='ocr_par' dir='ltr' id='par_1_8' title="bbox 104 2540 926 2871">
     <span class='ocr_line' id='line_1_29' title="bbox 190 2540 926 2624; baseline 0.003 -22"><span class='ocrx_word' id='word_1_197' title='bbox 190 2540 246 2602; x_wconf 80' lang='lat' dir='ltr'>Ad</span> <span class='ocrx_word' id='word_1_198' title='bbox 267 2541 547 2604; x_wconf 89' lang='lat' dir='ltr'>demonstrandam</span> <span class='ocrx_word' id='word_1_199' title='bbox 567 2541 724 2604; x_wconf 88' lang='lat' dir='ltr'>infinitam</span> <span class='ocrx_word' id='word_1_200' title='bbox 739 2540 802 2604; x_wconf 90' lang='lat' dir='ltr'>Dei</span> <span class='ocrx_word' id='word_1_201' title='bbox 817 2543 926 2624; x_wconf 87' lang='lat' dir='ltr'>majest</span> 
     </span>
     <span class='ocr_line' id='line_1_30' title="bbox 105 2624 926 2712; baseline 0.001 -23"><span class='ocrx_word' id='word_1_202' title='bbox 105 2633 138 2689; x_wconf 88' lang='lat' dir='ltr'>et</span> <span class='ocrx_word' id='word_1_203' title='bbox 160 2624 432 2710; x_wconf 88' lang='lat' dir='ltr'>omnipotentiam,</span> <span class='ocrx_word' id='word_1_204' title='bbox 455 2626 653 2712; x_wconf 86' lang='lat' dir='ltr'>sapientiam,</span> <span class='ocrx_word' id='word_1_205' title='bbox 669 2626 829 2708; x_wconf 82' lang='lat' dir='ltr'>justitiam</span> <span class='ocrx_word' id='word_1_206' title='bbox 840 2630 877 2689; x_wconf 68' lang='lat' dir='ltr'>‘et</span> <span class='ocrx_word' id='word_1_207' title='bbox 893 2626 926 2691; x_wconf 81' lang='lat' dir='ltr'>b(</span> 
     </span>
     <span class='ocr_line' id='line_1_31' title="bbox 106 2710 926 2795; baseline 0.005 -24"><span class='ocrx_word' id='word_1_208' title='bbox 106 2732 180 2786; x_wconf 79' lang='lat' dir='ltr'>tem,</span> <span class='ocrx_word' id='word_1_209' title='bbox 202 2732 284 2792; x_wconf 89' lang='lat' dir='ltr'>quae</span> <span class='ocrx_word' id='word_1_210' title='bbox 306 2710 340 2772; x_wconf 96' lang='lat' dir='ltr'>in</span> <span class='ocrx_word' id='word_1_211' title='bbox 360 2711 430 2795; x_wconf 90' lang='lat' dir='ltr'>ipso</span> <span class='ocrx_word' id='word_1_212' title='bbox 454 2711 622 2775; x_wconf 83' lang='lat' dir='ltr'>creationis</span> <span class='ocrx_word' id='word_1_213' title='bbox 647 2733 742 2795; x_wconf 89' lang='lat' dir='ltr'>opere</span> <span class='ocrx_word' id='word_1_214' title='bbox 759 2711 926 2775; x_wconf 76' lang='lat' dir='ltr'>clarissime</span> 
     </span>
     <span class='ocr_line' id='line_1_32' title="bbox 104 2795 437 2871; baseline 0.018 -14"><span class='ocrx_word' id='word_1_215' title='bbox 104 2795 192 2858; x_wconf 93' lang='lat' dir='ltr'>nium</span> <span class='ocrx_word' id='word_1_216' title='bbox 214 2795 437 2871; x_wconf 84' lang='lat' dir='ltr'>manifestavit.</span> 
     </span>
    </p>
   </div>
   <div class='ocr_carea' id='block_1_8' title="bbox 105 2913 926 2998">
    <p class='ocr_par' dir='ltr' id='par_1_9' title="bbox 105 2913 926 2998">
     <span class='ocr_line' id='line_1_33' title="bbox 105 2913 926 2998; baseline -0.001 -19"><span class='ocrx_word' id='word_1_217' title='bbox 105 2914 134 2979; x_wconf 88' lang='grc'>8.</span> <span class='ocrx_word' id='word_1_218' title='bbox 161 2916 226 2978; x_wconf 78' lang='lat' dir='ltr'>Ilia</span> <span class='ocrx_word' id='word_1_219' title='bbox 243 2938 332 2998; x_wconf 74' lang='lat' dir='ltr'>nario,</span> <span class='ocrx_word' id='word_1_220' title='bbox 346 2938 424 2996; x_wconf 69' lang='lat' dir='ltr'>{pirae</span> <span class='ocrx_word' id='word_1_221' title='bbox 438 2917 600 2978; x_wconf 68' lang='lat' dir='ltr'>verborum</span> <span class='ocrx_word' id='word_1_222' title='bbox 609 2915 733 2977; x_wconf 78' lang='lat' dir='ltr'>articuli</span> <span class='ocrx_word' id='word_1_223' title='bbox 748 2913 837 2990; x_wconf 76' lang='lat' dir='ltr'>liujus</span> <span class='ocrx_word' id='word_1_224' title='bbox 850 2928 926 2978; x_wconf 73' lang='lat' dir='ltr'>sente</span> 
     </span>
    </p>
   </div>
   <div class='ocr_carea' id='block_1_9' title="bbox 102 3014 926 3353">
    <p class='ocr_par' dir='ltr' id='par_1_10' title="bbox 102 3014 926 3353">
     <span class='ocr_line' id='line_1_34' title="bbox 191 3014 926 3100; baseline -0.001 -21"><span class='ocrx_word' id='word_1_225' title='bbox 191 3014 314 3091; x_wconf 89' lang='lat' dir='ltr'>Credo,</span> <span class='ocrx_word' id='word_1_226' title='bbox 336 3016 424 3100; x_wconf 88' lang='lat' dir='ltr'>quod</span> <span class='ocrx_word' id='word_1_227' title='bbox 444 3015 536 3078; x_wconf 87' lang='lat' dir='ltr'>Deus</span> <span class='ocrx_word' id='word_1_228' title='bbox 558 3037 608 3077; x_wconf 90' lang='lat' dir='ltr'>me</span> <span class='ocrx_word' id='word_1_229' title='bbox 631 3014 749 3078; x_wconf 87' lang='lat' dir='ltr'>creavit</span> <span class='ocrx_word' id='word_1_230' title='bbox 770 3037 926 3078; x_wconf 88' lang='lat' dir='ltr'>unacum</span> 
     </span>
     <span class='ocr_line' id='line_1_35' title="bbox 102 3099 926 3184; baseline 0.001 -22"><span class='ocrx_word' id='word_1_231' title='bbox 102 3099 198 3163; x_wconf 88' lang='lat' dir='ltr'>nibus</span> <span class='ocrx_word' id='word_1_232' title='bbox 220 3101 389 3175; x_wconf 84' lang='lat' dir='ltr'>creaturis3</span> <span class='ocrx_word' id='word_1_233' title='bbox 413 3099 500 3184; x_wconf 87' lang='lat' dir='ltr'>quod</span> <span class='ocrx_word' id='word_1_234' title='bbox 520 3121 635 3184; x_wconf 87' lang='lat' dir='ltr'>corpus</span> <span class='ocrx_word' id='word_1_235' title='bbox 658 3114 689 3162; x_wconf 90' lang='lat' dir='ltr'>et</span> <span class='ocrx_word' id='word_1_236' title='bbox 712 3100 868 3176; x_wconf 90' lang='lat' dir='ltr'>animam,</span> <span class='ocrx_word' id='word_1_237' title='bbox 896 3120 926 3163; x_wconf 86' lang='grc' dir='ltr'>ο(</span> 
     </span>
     <span class='ocr_line' id='line_1_36' title="bbox 104 3184 926 3261; baseline 0 -13"><span class='ocrx_word' id='word_1_238' title='bbox 104 3207 207 3261; x_wconf 84' lang='lat' dir='ltr'>aures,</span> <span class='ocrx_word' id='word_1_239' title='bbox 230 3196 262 3248; x_wconf 89' lang='lat' dir='ltr'>et</span> <span class='ocrx_word' id='word_1_240' title='bbox 283 3184 390 3250; x_wconf 90' lang='lat' dir='ltr'>omnia</span> <span class='ocrx_word' id='word_1_241' title='bbox 405 3184 558 3259; x_wconf 88' lang='lat' dir='ltr'>membra,</span> <span class='ocrx_word' id='word_1_242' title='bbox 583 3185 748 3260; x_wconf 83' lang='lat' dir='ltr'>rationem,</span> <span class='ocrx_word' id='word_1_243' title='bbox 771 3194 803 3247; x_wconf 88' lang='lat' dir='ltr'>ct</span> <span class='ocrx_word' id='word_1_244' title='bbox 819 3207 926 3248; x_wconf 87' lang='lat' dir='ltr'>omnes</span> 
     </span>
     <span class='ocr_line' id='line_1_37' title="bbox 103 3269 900 3353; baseline -0.003 -19"><span class='ocrx_word' id='word_1_245' title='bbox 103 3291 157 3334; x_wconf 84' lang='lat' dir='ltr'>sus</span> <span class='ocrx_word' id='word_1_246' title='bbox 193 3269 271 3333; x_wconf 92' lang='lat' dir='ltr'>mihi</span> <span class='ocrx_word' id='word_1_247' title='bbox 304 3270 408 3353; x_wconf 79' lang='lat' dir='ltr'>dedit,</span> <span class='ocrx_word' id='word_1_248' title='bbox 441 3285 472 3333; x_wconf 90' lang='lat' dir='ltr'>et</span> <span class='ocrx_word' id='word_1_249' title='bbox 501 3270 605 3332; x_wconf 86' lang='lat' dir='ltr'>adhuc</span> <span class='ocrx_word' id='word_1_250' title='bbox 636 3283 801 3333; x_wconf 85' lang='lat' dir='ltr'>sustentat.</span> <span class='ocrx_word' id='word_1_251' title='bbox 845 3270 900 3333; x_wconf 90' lang='lat' dir='ltr'>Ad</span> 
     </span>
    </p>
   </div>
   <div class='ocr_carea' id='block_1_10' title="bbox 0 0 1130 3772">
    <p class='ocr_par' dir='ltr' id='par_1_11' title="bbox 0 0 1130 3772">
     <span class='ocr_line' id='line_1_38' title="bbox 0 0 1130 3772; baseline 0 0"><span class='ocrx_word' id='word_1_252' title='bbox 0 0 1130 3772; x_wconf 95' lang='lat' dir='ltr'> </span> 
     </span>
    </p>
   </div>
  </div>
 </body>
</html>
