2250 3772
159 240 212 306 De
233 262 268 306 re
289 262 313 309 s.
336 262 454 305 coenae
475 250 608 306 terrena.
652 241 678 308 I.
700 241 864 327 Depone.
911 240 977 308 537

64 410 183 467 mrum
199 414 223 464 2.
244 408 407 464 Calvisiaui
422 409 481 477 isti,
500 408 548 480 qui
565 408 691 464 absolute
707 424 808 480 panem
825 408 977 466 frumenta·

62 479 139 535 rium
163 494 337 533 communem
363 477 550 532 adhibendum
573 477 662 548 rigide
687 479 866 533 contendunt
910 479 976 533 Cal-

63 550 120 603 ain.
146 546 165 603 l
187 553 213 604 4.
248 546 332 601 instit.
361 563 384 600 e.
411 552 450 601 17.
483 565 504 602 s.
528 551 569 601 43.
595 563 623 616 p.
649 553 707 602 916.
753 550 861 600 Bucam
887 547 976 605 instit.

63 616 149 673 theol.
181 620 233 672 art.
258 620 299 670 48.
344 633 371 669 u.
399 620 436 670 16.
464 633 490 685 p.
518 621 577 671 660.
628 616 774 668 &rerunt
806 622 830 672 3.
861 616 976 682 Graeci,

64 684 114 756 qui
134 682 201 738 olim
220 692 315 738 contra
326 633 430 738 iatinos
450 701 550 753 panem
570 682 765 738 fermentatum
783 701 850 738 usur
871 686 976 740 andum

63 753 94 808 in
106 769 195 808 coena
208 752 392 822 disputarunt.
414 752 480 807 Vid.
494 754 619 806 l’areum
638 754 673 808 de
689 751 779 823 symb.
794 703 904 808 eucliar.
918 754 935 807 1.
950 759 974 809 l.

63 839 127 946 (ἐξ).
143 828 172 944 lA
192 837 228 944 ut
238 827 348 945 ttmsqu.
367 821 550 946 etlBglglgrm.
569 821 587 953 ξ.
607 828 630 876 4.
650 822 685 877 de
704 822 812 876 eueher.
831 839 854 876 c.
879 830 903 880 Ἰ.
922 822 975 879 col.

86 902 124 947 ι’.
173 907 214 945 ,θ
278 907 306 960 p.
344 907 419 944 .eo.
510 907 566 961 seq.

65 987 116 1052 13.
149 983 233 1062 Quid
253 988 290 1049 de
311 988 454 1049 rotundis
475 988 541 1048 istis
559 985 744 1068 plueeutub's
761 988 821 1048 sive
841 991 977 1072 pacibus

105 1072 244 1146 miscetis,
267 1093 343 1152 quos
358 1073 466 1154 prisco
487 1075 609 1133 nornine
629 1068 749 1132 hostias
770 1073 939 1155 acmellact

275 1160 395 1231 statuis,
418 1167 526 1217 suntne
544 1177 632 1218 verus
647 1151 766 1238 panis?

154 1254 292 1333 Quidni?
341 1256 367 1321 1.
401 1253 558 1319 Constant
592 1254 677 1318 enim
712 1255 974 1321 substantialibus

60 1338 157 1426 panis
177 1339 340 1439 partibus,
367 1336 501 1403 materia
528 1339 595 1403 scil.
618 1353 649 1402 et
671 1339 787 1416 forma,
816 1363 888 1404 eum
911 1341 974 1405 sint
1013 1418 1017 1423 Ι

61 1447 104 1491 ex
126 1425 232 1489 fauna
251 1424 347 1487 tritici
366 1424 578 1509 generosioris
601 1434 633 1488 et
654 1447 739 1507 aque
761 1424 847 1510 pisti.

149 1510 181 1575 2.
214 1508 409 1595 Competunt
437 1509 500 1573 illis
521 1508 696 1573 accidentia
719 1511 849 1595 propria
870 1510 984 1596 panis

60 1592 154 1661 color
185 1592 322 1671 scilicet,
357 1615 468 1679 sapor,
499 1594 546 1658 vis
579 1594 739 1659 nutriendi
765 1608 824 1659 eto.
866 1597 974 1662 Verus

58 1678 164 1767 igitur
184 1679 276 1763 panis
296 1701 407 1742 revera
428 1691 529 1742 erunt.

134 1778 228 1845 (Ratio
250 1785 270 1834 1.
290 1795 308 1832 a
318 1776 451 1899 Euntibus
470 1777 669 1841 essentialibus,
688 1778 789 1848 quibus
809 1777 906 1847 positis
924 1795 973 1848 po-

60 1848 142 1903 nitur
159 1863 204 1902 res
221 1847 290 1917 ipsa.
343 1866 361 1901 x
377 1863 451 1918 aqua
472 1847 607 1919 siquidem
628 1852 656 1900 et
668 1846 760 1900 farina
771 1846 843 1900 inter
857 1864 887 1901 se
901 1863 974 1900 com-

10 1924 25 1931 “
58 1914 152 1971 mistis
176 1921 205 1971 et
230 1916 321 1970 calore
338 1920 451 1970 externo
473 1915 633 1970 crassiorem
650 1916 791 1970 humorem
810 1915 976 1969 absumente

58 1986 100 2040 ad
119 1984 328 2040 consistentiam
347 1984 546 2039 masticabilem
566 1984 688 2038 redactis
705 1982 737 2037 iit
756 1983 844 2053 panis.
885 1990 909 2038 2.
925 1982 974 2037 Ab

59 2054 206 2125 adjunctis
224 2053 281 2109 sive
299 2053 491 2108 accidentibus
509 2052 640 2123 propriis,
681 2052 764 2106 uibus
779 2052 878 2134 positis
894 2052 975 2134 poni·

57 2130 109 2178 tur
126 2122 282 2177 sub'ectum
302 2122 401 2191 ipsum.
436 2124 548 2175 Errant
566 2122 652 2192 igitur
663 2070 840 2189 (heloissam,
859 2139 908 2202 qui
926 2120 973 2175 ho·

60 2190 132 2246 stiae
152 2138 200 2256 (ab
217 2189 418 2259 oblationibus,
441 2206 512 2262 quae
537 2190 572 2243 ad
590 2190 818 2244 sustentationem
834 2190 974 2243 ministro-

57 2278 125 2315 rum
145 2267 174 2314 et
191 2275 344 2329 pauperum
364 2260 393 2312 in
411 2259 492 2313 altari
510 2258 575 2312 olim
593 2258 797 2326 offerebantur,
815 2259 855 2313 sic
873 2259 974 2327 dictes)

57 2344 161 2384 verum
182 2344 238 2381 non
263 2334 372 2381 tantum
396 2345 496 2397 panem
520 2344 579 2381 esse
602 2335 720 2398 negant,
744 2329 840 2382 sedet
863 2327 975 2397 abjecte

57 2414 120 2452 non
137 2396 228 2449 minus
246 2413 328 2467 quam
347 2397 515 2451 calumniose
532 2397 665 2450 lentorem
683 2397 827 2459 viscosum,
846 2412 974 2468 spumam

58 2472 91 2521 et
106 2464 226 2520 nebulas
243 2471 311 2533 etc,
330 2465 432 2536 quibus
450 2465 529 2518 nulle
548 2465 689 2519 nutriendi
709 2465 751 2518 vis
772 2464 874 2529 subsit,
899 2464 973 2518 voci·

55 2539 132 2590 tant.
170 2535 273 2588 Naum.
292 2539 387 2590 assem.
411 2552 438 2604 p.
462 2541 492 2588 18
511 2550 566 2604 seq.
604 2536 724 2590 Parcus.
742 2534 759 2587 l.
784 2541 806 2590 l.
831 2533 865 2587 de
883 2532 973 2602 symb.

56 2607 227 2659 sacrment.
251 2619 274 2657 c.
296 2608 320 2657 6.
346 2621 373 2673 ρ.
392 2609 433 2658 64.
456 2607 484 2656 et
511 2618 535 2655 c.
556 2608 595 2656 11.
640 2607 723 2658 .108.
760 2601 799 2655 At
822 2608 834 2655 t
888 2600 974 2655 ehoe

56 2670 192 2727 cavillum
207 2676 258 2726 est.
284 2670 425 2741 Competit
437 2674 511 2726 certe
522 2669 561 2724 eis
579 2678 599 2725 1.
613 2620 737 2725 (iefinitm
748 2619 973 2740 panismiluidni

56 2756 131 2813 ergo
152 2738 294 2793 definitum
313 2740 424 2810 ipsum?
460 2737 575 2794 Habent
598 2741 681 2793 etiam
707 2745 730 2793 2.
748 2738 888 2793 nutriendi
906 2738 973 2819 vim,

55 2808 85 2864 si
104 2810 185 2879 justo
207 2809 290 2861 modo
314 2825 347 2862 ec
368 2808 463 2864 debita
485 2807 641 2879 quantitate
659 2816 808 2862 sumantur.
847 2805 973 2870 Quodsi

56 2884 84 2935 3.
104 2892 190 2930 verus
208 2877 289 2946 panis
308 2886 362 2932 non
381 2883 487 2944 essent,
509 2880 552 2928 tot
572 2875 672 2931 seculis
695 2876 828 2930 ecelesiae
846 2892 895 2944 per
911 2874 974 2927 uni·

53 2960 170 3000 versam
188 2944 328 3015 Europam
345 2962 441 2999 verum
459 2961 559 3016 penem
575 2962 631 2998 non
650 2945 679 2997 in
695 2963 747 2998 usu
765 2960 867 2999 coenae
886 2942 973 2997 domi·

52 3014 143 3071 nicae
159 3013 328 3068 habuissent.
364 3013 534 3080 Absonuml)

101 3104 155 3170 14.
188 3104 320 3168 Rectene
342 3106 436 3188 ἐρίων
458 3105 573 3168 ltostioe
592 3105 668 3167 istae
691 3103 723 3164 iu
742 3126 800 3165 usu
822 3124 930 3165 coenae

236 3246 243 3261 ,
417 3186 621 3251 adlabentem?

145 3270 246 3335 Recte
274 3271 385 3356 utique
412 3294 452 3334 ex
477 3271 608 3353 antiqua
630 3269 782 3333 eeclesiae
803 3280 974 3333 eonsuetu-
