2250 3772
237 344 241 360 Ι
350 250 509 335 Quintum
528 262 742 339 praeceptum.
940 254 1002 321 109

125 410 212 475 laudi
231 436 315 476 cam
339 420 465 493 gladium
488 424 614 490 ueuspat.
649 422 710 474 Nec
734 424 759 475 2.
778 420 853 491 quod
870 419 955 475 Petro
971 439 1000 477 v.

56 490 60 519 l
122 485 168 543 ul.
182 488 285 545 dicitur:
306 494 435 545 converte
451 488 577 561 gladium
592 489 623 542 in
641 488 733 543 locum
746 506 835 542 ouum.
867 488 1000 559 Wiyccd.

118 548 276 633 inhabapt.
293 576 323 640 p.
342 562 400 614 209.
434 558 493 628 Ipsi
516 557 590 612 enim
606 562 740 629 tanquam
754 558 860 627 pastori
877 564 906 612 et
917 574 1001 613 evan-

119 623 169 693 gelii
181 643 302 697 praecum
319 627 431 682 minime
447 626 642 691 conveniebat,
666 632 699 681 ut
722 642 840 698 quorum
857 626 1002 707 proprium

117 690 210 751 uliam
224 696 300 765 Deo,
326 698 354 749 2.
375 698 446 750 Tim.
465 698 492 763 2,
510 699 535 752 4.
572 697 633 750 Ncc
653 699 676 751 3.
696 694 771 768 quod
789 711 867 750 arma
885 694 1002 751 militiae

115 758 302 821 elicianorum
327 764 459 819 dicuutur
478 763 649 837 spiritualia,
677 769 697 819 l.
718 765 784 823 Cor.
801 767 851 833 10,
872 768 897 820 4.
937 766 1001 819 Me·

113 828 197 888 uult.
212 834 254 888 dia
276 873 283 887 .
302 833 338 888 de
355 832 412 889 reb.
469 833 509 888 lit.
529 839 554 887 5.
573 833 608 887 de
626 832 704 887 delir.
722 838 751 887 et
767 832 851 888 furor.
869 831 1001 904 anabapt.

112 902 178 969 apul
192 904 247 957 Im
265 920 306 957 er.
329 906 350 959 t.
372 908 393 957 l.
458 902 606 973 ittenberg.
629 901 648 956 f.
670 907 728 958 458.
747 918 771 955 a.
813 902 945 967 Wiqand.
972 900 1002 957 in

110 969 220 1052 tpabapt.
237 988 265 1041 p.
278 976 338 1026 205.
366 970 505 1042 Loquitur
522 970 597 1025 enim
614 969 755 1091 afostolue
776 969 811 1024 de
829 969 928 1025 militia
947 970 1002 1041 epi-

109 1040 193 1108 nuth,
209 1056 282 1111 quae
299 1057 350 1111 per
366 1038 472 1095 elench.
492 1057 527 1108 op
549 1056 587 1093 oe.
599 1039 630 1093 fa
641 1055 671 1094 so
690 1037 838 1109 opponitur
856 1038 1001 1111 corporali.

107 1102 159 1160 Nec
175 1114 197 1163 4.
214 1108 290 1179 quod
310 1108 414 1163 multae
433 1108 463 1162 in
481 1107 516 1163 be
578 1104 648 1161 liant
666 1107 786 1179 injustae
797 1108 905 1177 caedes,
921 1124 1002 1179 prae-

108 1170 154 1229 dae
168 1180 216 1233 etc.
266 1176 375 1245 Colloq.
392 1176 580 1231 stanckecth.
605 1176 684 1233 artic.
706 1184 729 1231 5.
756 1183 810 1231 act.
829 1181 870 1231 26.
895 1194 924 1258 p.
943 1182 1003 1233 4⁷0.

109 1240 208 1301 Abusus
224 1244 299 1301 enim
314 1261 371 1320 nou
386 1245 460 1300 tollit
473 1262 532 1301 rem
543 1245 641 1315 ipsam.
675 1244 854 1316 Objectionee
867 1244 935 1299 ahae
947 1242 1004 1301 vie

106 1324 128 1363 a
142 1314 171 1368 ud
185 1316 224 1368 D.
245 1314 389 1370 Gerlard.
416 1314 467 1370 loc.
495 1331 593 1369 comm.
623 1314 659 1368 de
682 1312 793 1385 magist.
815 1313 919 1385 politic.
938 1332 959 1368 a.
979 1320 1002 1371 θ.

130 1387 188 1438 ill
205 1399 284 1455 seqq.
310 1401 338 1506 It.
359 1388 434 1439 1159.
470 1383 548 1437 Bene
565 1382 720 1465 21595551.
739 1387 782 1437 22.
801 1388 887 1436 contr.
904 1383 1001 1440 Fauat.

104 1456 176 1507 etl.
193 1456 213 1509 i.
234 1457 258 1508 8.
278 1468 311 1507 co
348 1457 407 1508 432.
430 1452 462 1507 (l.
482 1451 518 1506 D.
553 1452 665 1506 Miletos
683 1450 785 1504 calatia
800 1451 933 1519 publicae
952 1453 1001 1505 dc·

102 1516 220 1579 raaces
236 1528 310 1574 euml.
344 1520 383 1575 Et
404 1520 491 1601 paulo
514 1526 592 1575 ante:
617 1520 739 1574 nocendi
757 1519 913 1589 5545555555,
932 1520 1003 1574 cici·

102 1590 190 1643 mne
203 1589 374 1653 crudelitas,
398 1607 436 1641 cm
457 1597 557 1643 acutua
572 1589 683 1641 555555
701 1596 785 1657 atquc
804 1589 1004 1658 implacabau,

96 1652 195 1733 Μαι
208 1658 385 1721 5555515555,
405 1607 495 1712 ligido
515 1658 697 1726 dominandi,
717 1665 744 1710 el
760 1657 788 1709 ai
823 1675 877 1711 555
895 1658 1003 1712 cimelia

104 1736 137 1775 oa
148 1726 226 1797 bellic,
242 1727 313 1779 haec
330 1734 409 1795 aaut,
427 1744 499 1795 quac
513 1728 581 1795 jwrc
600 1726 759 1795 culpantur.
796 1674 868 1779 gant
885 1727 958 1779 enim
977 1735 1003 1781 el

104 1786 169 1871 balii,
185 1796 258 1849 cicut
272 1795 443 1864 paciajura,
456 1796 535 1865 joele
555 1812 589 1847 ue
601 1811 636 1847 ea
649 1812 706 1848 555
718 1794 818 1863 minua,
837 1812 921 1864 quem
932 1797 1002 1863 scr·

103 1862 163 1915 tator
175 1881 271 1933 cerere
290 1864 378 1917 debet.
414 1812 627 1918 13555εὲ5551.
647 1868 671 1919 1.
688 1881 716 1933 p.
737 1865 807 1929 124.)

105 1976 153 2047 32.
185 1984 246 2049 sec
271 2009 340 2049 cum
360 1996 560 2069 praeceptam
589 1984 644 2047 hoc
665 1985 848 2067 proximum
870 1984 1005 2047 occidere

156 2069 324 2153 prohibeat,
350 2068 503 2133 licitumne
523 2070 581 2132 ecit
601 2071 736 2153 55555555
755 2067 944 2149 interficere?

178 2187 308 2251 Minime
334 2187 477 2270 9555555.
528 2184 685 2250 Prohibet
715 2184 800 2249 enim
823 2187 852 2252 1.
873 2207 1005 2271 praece-

111 2276 187 2413 flam
204 2272 267 2336 hoc
280 2270 315 2334 in
328 2292 447 2355 genere
462 2269 607 2334 occidere
619 2270 791 2335 hominem.
829 2270 1003 2356 Augustiu

146 2358 166 2419 1.
184 2360 219 2422 de
241 2356 277 2421 C.
303 2358 342 2421 [).
364 2379 388 2422 c.
411 2358 464 2421 20.
488 2368 508 2420 t.
532 2360 562 2421 5.
585 2356 639 2422 col.
664 2359 714 2422 68.
737 2357 780 2420 B.
823 2355 898 2420 Non
921 2356 1005 2421 occi-

114 2430 171 2522 (les,
189 2463 253 2506 non
276 2438 428 2516 alterum,
450 2460 527 2524 ergo
549 2453 676 2516 necte,
698 2462 803 2523 neque
824 2441 927 2519 enim,
949 2441 1005 2526 qui

117 2534 143 2581 ⁸e
159 2525 277 2609 occidit,
300 2523 387 2587 aliud
409 2546 506 2607 quam
525 2523 687 2589 hominem
707 2523 832 2592 occidit.

180 2608 207 2676 2.
229 2607 268 2675 si
290 2608 471 2694 proximum
485 2608 646 2674 nonlicet
668 2609 821 2674 occidere.
843 2611 883 2675 E.
903 2609 1004 2674 multo

118 2686 524 2781 1¹}i11ueseipsumoccideue
546 2692 629 2759 licet.
671 2692 759 2774 Quia
779 2693 914 2777 quilibet
935 2694 1005 2779 ipse

118 2769 219 2843 elimet
239 2778 306 2864 ipsi
327 2778 502 2864 proximus.

183 2863 208 2930 3.
228 2864 337 2941 Adde,
357 2863 446 2945 quod
465 2862 591 2926 nullum
609 2884 647 2926 ea
668 2863 708 2926 de
727 2884 761 2926 re
782 2862 817 2925 in
839 2861 1005 2947 Scriptura

119 2932 246 3013 htbotnue
268 2959 483 3034 praeceptum,
504 2968 609 3031 neque
625 2948 807 3032 exemplum
821 2947 861 3010 ad
879 2947 1007 3013 imitan-

121 3018 179 3094 dum
196 3032 402 3119 propositum.

173 3146 256 3211 (Ratio
275 3156 298 3205 1.
319 3149 460 3204 concludit
486 3165 504 3203 a
547 3164 634 3203 encre
677 3154 701 3202 2.
721 3148 749 3201 A
769 3150 936 3219 computatis
954 3151 1006 3207 im·

120 3212 210 3287 mou
228 3218 356 3290 negando
374 3218 477 3286 minue,
503 3166 546 3272 aff
566 3217 725 3289 negandum
743 3217 840 3286 majus.
877 3226 901 3275 3.
920 3221 948 3274 A
966 3228 1006 3277 te.

121 3279 224 3342 'laonio
240 3286 408 3358 Scriptutae.
449 3287 625 3355 Aequctinua
648 3285 734 3340 hebet
756 3284 877 3342 rationes
904 3290 1007 3360 plures,
