2258 3766
247 233 299 297 De
320 233 425 318 primo
447 232 586 317 symboli
608 233 775 317 apostolici
794 233 935 300 articulo.
991 235 1054 300 217

163 400 250 468 Da
285 401 438 468 Pmmo
476 400 688 467 sinnam
723 401 1010 469 Arosrornoi
1098 370 1101 377 ’

475 485 725 554 naricum.

104 612 150 676 1·
199 623 285 701 Quot
312 636 385 687 eunt
405 625 580 708 praecipua
603 646 697 707 opera
718 623 799 700 Det,
827 647 905 710 quae
926 628 959 687 in
979 650 1055 707 stunc-

344 708 412 773 boio
432 709 599 792 apostolico
621 709 857 772 enumerantur?

117 876 146 943 fi
199 808 310 956 tiSunt
332 809 407 873 tria:
443 811 470 874 1.
493 808 624 885 creatio,
645 809 674 872 2.
697 808 862 887 redemtio,
884 810 912 875 3.
939 811 1056 874 sancti-

147 904 200 952 08.
229 917 256 961 0.
413 918 417 929 ¹

169 1006 208 1075 2.
247 1015 307 1080 Uti
328 1017 464 1077 traditur
486 1025 514 1076 et
539 1014 708 1098 eapiicctur
730 1037 808 1096 apua
824 1017 965 1098 puniunt
986 1017 1022 1077 de

514 1097 687 1161 creatione?

435 1197 474 1261 In
495 1197 628 1262 articulo
648 1198 761 1282 prime.

235 1334 266 1397 ’3.
305 1332 467 1410 Quaenam
489 1347 560 1397 sunt
581 1338 675 1398 verba
697 1335 823 1397 articuli
838 1334 958 1418 primi?

231 1416 333 1482 Credo
354 1417 388 1480 in
408 1419 517 1482 Deum
532 1417 672 1495 Patrem,
695 1417 945 1502 omnipotentem
967 1441 1056 1484 crea-

137 1483 245 1565 torem
267 1502 349 1567 coeli
372 1513 403 1566 et
424 1514 537 1568 terrae.

214 1619 238 1684 4.
278 1621 362 1700 Quid
383 1624 537 1706 cipnificat
564 1626 597 1686 in
619 1624 674 1686 tce
697 1623 827 1686 orticaria
849 1623 993 1687 credere?

232 1722 358 1788 Credere
378 1745 444 1785 non
464 1733 587 1786 tantum
616 1734 664 1787 est
684 1723 764 1787 scire
784 1735 815 1787 et
836 1723 983 1786 assentiri
1005 1723 1055 1800 iis,

142 1799 230 1868 quaa
256 1807 290 1870 in
314 1806 457 1870 articulis
479 1808 554 1871 fidei
581 1820 612 1871 et
630 1808 797 1894 evangelio
822 1822 1055 1893 proponuntur,

142 1883 253 1968 {erum
284 1892 381 1955 etiam
412 1892 557 1976 inprimis
589 1893 769 1957 indubitata
801 1892 906 1956 cordis
939 1892 1056 1955 fiducia

142 1968 257 2039 ”stem
276 1976 424 2040 assentiri
443 1988 475 2040 et
496 1977 706 2062 acquiescere.

264 2097 294 2160 5.
335 2095 418 2174 Quiri
438 2098 591 2179 siginificat
612 2100 644 2159 in
666 2098 771 2160 Deurn
793 2095 937 2160 eredere?

231 2193 370 2260 Credere
401 2196 436 2259 in
461 2197 586 2274 Deum,
619 2207 667 2261 est
697 2206 784 2260 certa
810 2196 915 2260 cordis
941 2196 1058 2260 fiducia

143 2273 294 2357 ⁸statuere,
309 2282 418 2345 Deum
429 2281 560 2346 Patrem
572 2282 706 2345 Domini
721 2281 823 2345 nostri
837 2284 862 2348 J
863 2305 919 2346 esu
936 2280 1057 2346 Christi

142 2364 215 2457 esse
233 2389 354 2441 verum,
379 2366 510 2430 unicum
528 2368 699 2449 vivumque
714 2367 833 2443 Deum,
856 2369 1056 2450 eundemque

141 2448 223 2512 mihi
243 2451 339 2514 etiam
361 2473 431 2515 esse
453 2452 601 2527 Patrem,
623 2464 835 2536 protectorem
858 2466 889 2515 et
910 2452 1058 2515 defenso-

142 2534 229 2628 rem,
251 2559 310 2621 per
339 2548 370 2599 et
400 2551 534 2635 propter
563 2537 744 2613 Christum,
780 2537 813 2600 in
834 2559 898 2620 quo
921 2560 972 2600 me
995 2536 1058 2598 sibi

192 2642 245 2684 um
266 2622 440 2706 adoptavit.

216 2720 368 2785 (Differ-unt
394 2719 505 2775 omnino
526 2720 639 2774 eredere
660 2720 734 2784 Deo,
766 2722 878 2778 eredere
896 2724 1000 2790 Deum,
1030 2730 1059 2778 et

148 2787 257 2844 arcuere
272 2790 302 2843 in
313 2790 424 2857 Deum3
441 2806 506 2842 nam
520 2789 632 2844 credere
644 2789 713 2858 Deo,
732 2797 775 2845 est
786 2794 899 2847 eredere
911 2809 976 2847 vera
989 2809 1057 2854 esse,

152 2857 219 2925 tuae
235 2858 357 2928 loquitur
374 2858 466 2925 Deus3
486 2858 597 2911 credere
615 2857 715 2926 Deum,
733 2859 859 2914 notitiam
876 2862 929 2914 Dei
948 2878 1057 2916 concer-

152 2923 200 2987 Μ,
215 2932 240 2979 et
256 2932 298 2981 est
315 2926 436 2993 credere,
454 2932 521 2996 quot
541 2927 578 2980 sit
594 2927 686 2994 Deus,
705 2935 732 2982 et
750 2930 824 2998 quod
844 2931 880 2982 sit
897 2929 970 2997 talis,
989 2946 1057 2998 qua·

153 2974 206 3043 lem
226 3011 252 3049 se
276 2996 306 3048 in
323 2996 409 3049 verbo
428 2993 577 3063 patefecit3
603 2996 715 3052 eredere
732 2997 761 3050 in
778 2997 885 3066 Deum,
909 2998 1058 3068 specialem

156 3045 274 3116 fiduciam
292 3065 384 3117 cordis
402 3070 430 3118 et
449 3064 665 3133 applicationem
682 3066 806 3136 requirit,
827 3073 856 3120 et
875 3073 918 3120 est
936 3067 1057 3137 eredere,

160 3129 226 3185 qnod
245 3132 310 3186 mihi
335 3132 373 3186 sit
389 3132 481 3198 Deus,
505 3133 653 3203 omniaque
672 3151 744 3204 quae
761 3134 860 3198 habet,
886 3135 1058 3190 adsalutem

161 3197 238 3269 meam
252 3202 383 3256 conferat.
417 3201 491 3255 Illud
504 3207 547 3256 est
558 3203 717 3271 quorumvis
729 3204 885 3272 promiscue
896 3211 1057 3258 vocatorum

165 3262 232 3318 tham
247 3270 387 3337 malorum,
402 3270 454 3323 hoe
473 3271 561 3324 solum
573 3279 740 3325 renatorum.
771 3272 834 3326 Vid.
848 3271 893 3326 hia
906 3274 1056 3341 Anquattn.
