2250 3772
290 199 444 331 Syllabas
464 267 570 310 rerum
591 255 623 310 et
643 246 821 314 verborum.
938 220 1013 314 Ι651

140 417 251 467 rentum
269 419 386 483 peccata
406 413 435 468 in
458 430 488 469 se
506 413 645 482 derivata,
667 420 699 469 ut
716 420 745 469 et
761 415 938 483 sanctitatem
956 432 1013 471 non

138 479 244 536 habent
263 487 319 537 164.
340 489 400 538 514.
433 499 529 538 omnes
547 489 753 555 regenerantur,
772 483 821 554 qui
833 485 916 554 juxta
934 483 1012 539 insti·

140 550 275 605 ortionem
294 550 397 606 Christi
415 550 600 634 baptizantur.
616 558 676 609 516.
715 551 828 623 quinam
844 551 1014 623 baptizandi.

142 624 200 674 514.
229 625 279 674 516
312 636 372 691 466.
426 627 509 676 etism
539 621 576 675 ad
604 621 747 675 ecclesiam
776 622 923 691 pertinent.
953 628 1012 677 511.

140 686 225 742 fidem
252 686 365 746 habent.
394 694 452 745 519.
507 690 567 745 4166
596 688 734 761 baptismo
759 689 939 759 dedecentes,
971 689 1013 744 ni·

140 754 288 811 bilominus
308 757 457 816 salvantur.
475 764 533 814 526.
563 775 620 814 666
639 758 758 813 suntad
776 775 797 814 s.
811 775 912 815 coense
930 775 1013 815 usum

139 824 312 879 admittendi.
332 831 390 881 591.
422 844 516 882 eorum
534 827 705 882 scandalum.
724 833 764 882 15.

104 894 239 958 Infantes
262 893 293 946 V.
314 895 347 949 T.
365 902 430 948 6616
449 896 686 950 circumcisionem
703 903 841 964 mortuos,
863 895 953 961 fuisse
970 894 1013 948 ai·

139 962 291 1085 ibilognggms
313 963 450 1033 46166164,
480 964 601 1019 habetur
623 965 651 1018 16
678 963 829 1035 scripturis.
858 970 900 1020 41.
940 962 1012 1020 Con·

153 1046 183 1084 er
253 1071 259 1083 ,
432 1068 435 1073 .

106 1098 275 1167 Inferiores,
296 1097 377 1153 liberi
394 1098 524 1154 dicuntur
540 1100 720 1171 superiorum.
739 1106 780 1156 96.

105 1167 245 1233 Infernas
271 1166 387 1222 sumitur
404 1167 433 1221 in
454 1169 596 1239 Scriptura
611 1187 633 1222 s.
650 1168 802 1238 tripliciter.
823 1173 880 1224 298.
917 1168 1008 1223 datur.

141 1241 201 1291 419.
244 1207 322 1290 16664
351 1253 415 1290 vero
430 1237 593 1308 ignoratur.
619 1243 678 1293 4211.
722 1242 864 1291 aeternum
893 1236 1011 1291 durabit.

140 1309 201 1360 426.
236 1311 325 1359 certos
345 1305 450 1377 gradus
468 1307 590 1362 habebit.
614 1312 674 1362 421.
718 1305 835 1360 sumitur
857 1305 939 1360 etiam
960 1320 1011 1376 pro

139 1372 346 1428 tentationibus.
365 1378 423 1429 423.
969 1429 972 1441 ,

104 1442 281 1497 inhabitatio
298 1443 439 1511 protiose,
462 1441 492 1496 in
510 1458 628 1512 persona
647 1440 748 1496 Christi
771 1446 864 1496 actum
882 1457 1011 1512 persona·

140 1512 202 1633 1664Ζ
212 1528 270 1581 non
286 1511 421 1581 exprimit.
441 1516 500 1567 261.
524 1511 651 1565 omnibus
669 1510 771 1565 sanctis
789 1511 941 1565 communis
960 1514 1012 1566 641.

138 1581 151 1633 9⁸
175 1580 181 1593 ⁸
201 1622 207 1632 .
227 1584 286 1635 333.
306 1586 364 1634 576.
427 1606 433 1633 .·

105 1648 312 1715 Inhumanitas,
330 1648 429 1702 vitium
447 1647 481 1702 V.
499 1648 642 1718 praecepti
660 1652 710 1702 est.
734 1653 789 1703 165.

104 1717 280 1783 Innocentio,
298 1733 315 1771 a
332 1715 393 1771 Deo
410 1716 573 1772 vindicatur.
593 1722 652 1772 366.

104 1786 276 1841 1616466616
296 1785 409 1852 Christi,
429 1785 594 1840 describitur
620 1791 678 1841 293.
709 1789 825 1838 nonest
843 1783 975 1838 distincta
993 1801 1012 1839 a

139 1853 299 1909 mediatoris
317 1853 415 1907 officio.
430 1855 497 1907 ibid.
517 1861 545 1908 et
563 1859 623 1909 433.

104 1923 275 1978 intercessio
292 1922 458 2002 6646666614,
483 1921 655 1976 describitur.
679 1927 738 1976 429.
779 1920 928 1990 conjuncta
950 1936 1012 1975 esse

139 1991 225 2047 debet
242 2008 305 2045 cum
322 1989 516 2045 satisfactione.
534 1996 593 2046 293.

104 2060 238 2127 Interim,
263 2059 303 2113 sic
321 2059 412 2114 dictus
429 2054 512 2127 iiber,
534 2059 606 2113 male
627 2057 682 2113 fuit
704 2073 722 2111 a
740 2055 906 2128 quibusdam
928 2073 1010 2111 evan·

142 2128 239 2200 gelicis
258 2127 434 2198 approbatus.
454 2133 512 2183 368.

103 2198 307 2266 Interpretotio
337 2215 359 2250 s.
388 2196 552 2265 Scripturas
580 2203 606 2248 61
630 2195 769 2249 dictorum
802 2194 895 2262 iliius,
928 2193 1011 2248 certis

140 2265 245 2337 regulis
262 2274 290 2320 et
307 2264 545 2320 observationibus
559 2264 730 2330 absolvatur,
750 2279 868 2333 quarum
880 2263 950 2317 aliae
962 2279 1008 2331 pc-

139 2335 306 2390 aerclz'ores.
347 2334 507 2405 Vide-pag.
537 2339 630 2403 2846.
662 2337 694 2387 32
718 2349 794 2403 seqq.
822 2337 880 2388 566.
928 2332 1011 2387 Α1166

138 2403 284 2472 speciales,
309 2407 405 2472 utpote
424 2401 529 2456 161666
548 2402 583 2456 de
601 2401 673 2472 lege.
694 2407 726 2456 49
750 2418 790 2472 46.
812 2405 868 2455 192.
909 2400 1008 2455 Ρ6661-

138 2471 312 2527 166116114.
352 2469 432 2524 bonis
456 2469 594 2542 operibus.
619 2474 669 2525 383
693 2486 749 2540 seq.
792 2469 943 2540 evangelio.
967 2474 1010 2525 49.

142 2545 199 2596 192.
233 2539 301 2594 Deo.
319 2545 366 2594 201
387 2555 443 2609 seq.
463 2545 520 2594 248.
558 2538 690 2593 trinitate.
709 2544 766 2593 266.
786 2543 843 2592 214.
879 2553 1010 2607 persona-

138 2609 225 2664 litate.
250 2613 308 2664 268.
350 2624 468 2678 persona
490 2606 598 2663 Christi
623 2611 751 2686 244466.
779 2611 836 2662 248.
866 2612 910 2661 251
932 2623 1009 2677 seqq.

137 2676 241 2731 unione
269 2676 413 2746 personali.
449 2681 507 2731 252.
556 2676 803 2731 communicatione
837 2674 1009 2730 idiomatum.

139 2751 199 2801 262.
220 2750 278 2800 211.
296 2750 346 2800 282
364 2762 432 2816 466.
455 2744 552 2799 merito
569 2742 679 2799 Christi.
698 2749 757 2799 399.
787 2759 820 2797 66
839 2744 900 2813 ejus
913 2747 1011 2799 morte.

138 2819 190 2870 412
210 2831 267 2872 46.
301 2813 388 2869 libero
408 2813 528 2868 arbitrio
548 2819 597 2869 321
617 2830 673 2885 466.
709 2811 827 2866 66616416
842 2817 870 2866 61
889 2812 1011 2868 ministe-

137 2882 179 2936 rio
196 2831 471 2938 6661641641166.·334.
495 2887 554 2939 351.
578 2887 636 2938 361.
680 2880 905 2951 promissionibus
924 2881 1011 2936 eccle·

138 2952 196 3006 siae
213 2950 302 3005 factis.
322 2957 381 3008 349.
414 2950 622 3020 justificatione.
643 2956 701 3006 319.
719 2954 769 3005 383
787 2966 845 3020 466.
881 2948 944 3005 fide.
957 2955 1007 3005 311

139 3036 199 3091 466.
239 3020 298 3073 rita
318 3026 437 3074 aeterna.
462 3025 517 3075 188.
537 3025 586 3075 398
604 3035 661 3090 466.
703 3017 845 3073 616611666.
872 3024 931 3074 399.
949 3023 1010 3076 495.

138 3089 322 3142 invocatione.
341 3094 400 3144 433.
429 3088 611 3159 ,1616616415
630 3104 687 3159 seq.
717 3086 895 3141 sacramentis
912 3087 942 3141 in
961 3103 1012 3209 ge·

138 3174 212 3212 nere.
231 3163 289 3213 419.
302 3230 317 3280 2
330 3155 469 3227 baptismo
488 3156 672 3228 parvulorum.
699 3162 821 3226 511466.
858 3171 945 3210 66666

137 3225 246 3280 miniea.
268 3232 297 3280 51
321 3267 326 3280 .

102 3295 224 3351 Inventa
239 3312 295 3349 666
313 3295 438 3363 reddite,
456 3293 560 3348 furtum
576 3298 648 3348 sunt.
668 3297 725 3348 123.

819 3386 845 3427 it
