2250 3772
104 237 170 303 456
242 235 350 321 Caput
370 232 431 301 III.
473 232 527 297 De
548 231 693 297 oratione
715 228 878 297 dominica

151 406 201 470 70.
238 403 307 483 Quo
329 406 450 469 ratione
463 405 507 487 fit
526 402 668 467 voluntas
690 401 758 466 Det
776 403 809 464 in
831 400 950 465 soruba
1045 447 1051 489 3

494 484 632 550 nostris?

196 591 222 654 1.
249 587 333 655 Cum
354 592 469 653 virtute
491 586 555 651 Dei
575 584 768 672 impedimus
793 596 825 651 et
845 582 997 671 franginu⁸
1050 542 1052 549 ,

108 697 203 740 omne
222 673 342 738 malum
363 672 582 738 consiliumet
603 670 809 753 voluntatem,
831 659 1001 762 quaenobifl

110 783 131 824 a
151 759 303 833 Diabolo,
329 758 448 822 mundo
471 779 528 821 seu
550 756 716 841 improbis,
738 766 771 821 et
788 755 894 843 pravis
912 760 1004 843 enulfi,

107 853 236 908 nostrae
266 843 432 907 desideriis
463 851 696 928 suggeruntur,
736 863 777 906 ne
813 862 926 906 nomen
944 837 1007 901 Del

108 928 339 993 sanctificemus
362 949 560 1013 regnumque
583 927 652 1009 ejus
674 925 716 989 ad
736 947 796 990 nos
818 923 971 1011 perveniat.
1050 986 1052 999 ,

194 1029 224 1092 2.
247 1027 331 1094 Cum
358 1050 417 1093 nos
438 1027 530 1091 Deus
559 1026 691 1091 firmiter
717 1037 884 1091 conservat
906 1025 1008 1089 intuo

109 1112 207 1178 verbo
230 1123 261 1177 et
282 1113 345 1177 fide
364 1135 467 1197 usque
490 1113 530 1175 ad
552 1112 648 1176 finem
668 1111 752 1176 vitae
773 1123 908 1176 nostrae.

197 1214 226 1281 3.
248 1212 331 1279 Cum
359 1215 455 1280 fidem
480 1223 623 1277 nostram
645 1212 816 1278 dilectione
837 1222 941 1277 mutua
956 1208 1012 1272 de⁶

33 1356 38 1363 .
110 1298 278 1376 claramus,
301 1301 329 1363 1.
351 1301 424 1365 Jot.
439 1300 470 1375 3,
485 1299 537 1375 23,
560 1307 592 1362 et
612 1296 832 1383 unusquisque
853 1320 907 1363 vas
926 1310 1011 1359 snum

110 1382 256 1470 possidet
270 1383 303 1448 in
318 1383 567 1448 sanctificatione
583 1392 615 1446 et
628 1383 760 1460 honore,
784 1388 811 1447 1.
830 1385 929 1447 Thess.
940 1376 1012 1455 4,AE

196 1477 226 1540 4.
248 1475 332 1541 Cum
347 1475 478 1561 quaevis
494 1476 637 1552 adversa,
659 1496 786 1540 crucem
800 1486 832 1540 et
848 1488 1012 1551 aerumnas,

110 1582 194 1645 quae
208 1561 313 1639 nobis,
335 1561 476 1626 Domino
491 1560 703 1646 permittente,
723 1559 880 1637 accidunt,
899 1557 1014 1647 patim·

112 1656 162 1710 ter
182 1645 323 1714 ferimus.

195 1731 225 1797 5.
248 1731 408 1815 Denique,
429 1751 502 1794 cum
523 1728 557 1792 in
579 1728 727 1793 omnibus
746 1728 903 1794 voluntati
920 1723 1011 1877 ipsiu!

110 1814 238 1880 divinae
260 1816 422 1880 humiliter
440 1836 500 1878 nos
521 1813 750 1900 submittimus,
778 1825 810 1879 et
829 1836 889 1901 pro
908 1835 926 1879 ο
945 1808 1014 1875 led!

111 1910 144 1964 et
162 1899 311 1965 exhibitis
335 1899 497 1964 beneficiis
522 1898 595 1963 Deo
615 1899 735 1984 gratias
757 1900 892 1986 agimus.
928 1894 1014 1977 Quw

111 1986 220 2050 omnia
239 1997 275 2051 ut
295 1985 459 2062 eveniant,
481 2006 649 2069 precamur
670 1985 809 2053 orando:
836 1988 895 2068 fiat
914 1984 1010 2048 voitu·

112 2083 160 2134 tas
183 2084 246 2135 tua.

114 2188 164 2252 71.
203 2189 263 2253 Cur
286 2191 430 2255 additur:
461 2187 542 2253 sieut
564 2187 598 2252 in
619 2186 727 2264 coelo,
748 2185 794 2250 ita
813 2196 845 2251 et
866 2185 901 2249 in
917 2172 1016 2247 terre?

197 2289 252 2352 Ad
294 2289 533 2375 significandam
576 2287 748 2353 voluntatis
791 2298 918 2351 nostroe
946 2296 1010 2346 eun!

112 2383 295 2437 sanctorum
335 2374 522 2472 angelorum
562 2373 725 2437 voluntate
761 2370 1010 2437 conformitatem

111 2467 165 2535 ut,
188 2457 270 2523 sicut
291 2458 398 2543 angeli
420 2457 633 2544 promtissime
655 2457 689 2521 in
708 2478 786 2521 vera
808 2455 964 2521 sanctitate
978 2452 1011 2511 et

111 2543 256 2609 castitate
277 2544 473 2607 voluntatem
496 2554 527 2607 et
543 2543 636 2626 jussa
658 2542 765 2606 Patris
786 2539 932 2606 eoelestis
946 2554 1010 2623 pet⁶

111 2627 231 2705 ficiunt,
253 2630 340 2694 Psal.
358 2629 429 2704 103,
444 2629 496 2705 20,
517 2628 563 2691 ita
584 2637 616 2692 et
636 2649 705 2704 nos,
727 2649 768 2691 ne
790 2627 1009 2690 conformemur

111 2711 185 2777 huie
210 2713 347 2790 mund0,
376 2713 433 2777 sed
455 2712 642 2797 angelorum
663 2735 754 2776 exem
777 2711 845 2775 lum
866 2709 1008 2801 imitant?s

112 2809 219 2861 sancte
264 2797 407 2862 vivamus
438 2797 707 2881 -voluntutemque
775 2796 805 2861 ei
836 2802 953 2882 promte
975 2804 1010 2849 ¹1²

111 2880 171 2946 hac
189 2892 274 2946 terra
296 2904 514 2966 exsequamur.

184 2998 239 3066 (Ita
257 3017 323 3070 ergo
342 2998 527 3070 metonymice
544 3015 595 3068 per
611 2996 779 3052 vocabulum
799 2997 905 3051 eoelum
921 2983 1009 3048 intelli-

173 3072 219 3122 tur
240 3068 332 3139 angeli
348 3070 378 3122 in
395 3068 487 3137 eaelo,
514 3072 543 3123 et
560 3085 612 3138 per
630 3074 736 3120 terram
753 3065 877 3121 homines
893 3065 922 3117 in
937 3066 1007 3127 tem:

141 3136 235 3190 uidam
263 3155 297 3191 ex
337 3138 444 3193 atribus
469 3138 556 3191 verba
583 3136 652 3190 baec
677 3134 732 3189 alle
754 3133 829 3189 erice
852 3126 1006 3201 interpam

110 3211 192 3284 suntr
211 3205 240 3258 in
258 3155 344 3273 coelii,
359 3207 389 3259 id
408 3214 456 3274 est,
477 3212 499 3261 1.
518 3205 655 3274 injustis,
676 3203 725 3274 qui
733 3151 804 3258 gDeo
823 3200 1007 3266 similent-1¹²

108 3271 230 3342 Spiritu,
248 3279 271 3329 3.
285 3275 427 3339 inanima,
447 3282 470 3330 4.
482 3275 512 3328 in
521 3273 645 3342 Christo3
662 3272 692 3325 in
705 3279 793 3342 terra,
812 3271 902 3334 idest,
917 3272 936 3323 l.
946 3270 1005 3332 μθ·

1044 3386 1052 3569 1
