2250 3772
248 90 255 135 l

303 245 356 310 De
376 245 480 311 forma
501 267 619 310 coenae
641 244 829 312 dominicae,
956 246 1020 314 569

105 418 152 469 est
180 412 389 481 ἀσυλλόγιστον.
439 419 460 468 1.
486 412 593 484 Corpus
616 412 720 468 dhristi
742 419 785 467 est
809 430 875 468 esea
898 416 1019 478 animae,

104 481 671 607 tllffltlttltltllllr
684 485 1018 607 '‘lli'“lm'rdlil

107 625 135 674 2.
153 636 206 674 nee
225 591 463 686 natuialiter,⁸sed
483 569 759 675 daedamenlalitei'et
770 594 886 691 mistice
902 569 1019 676 mandu-

105 693 198 742 catur.
232 689 260 743 A
283 696 406 742 sumente
428 707 483 742 noa
510 689 654 757 concisus,
681 706 737 741 non
762 692 941 757 coafractus,
967 706 1019 743 aee

106 758 219 811 divisas
242 759 350 827 ἐπίομεν
372 759 519 826 accipitur.
563 758 615 811 Nil
639 759 730 811 obstat
755 763 778 812 9.
803 758 826 810 si
848 775 895 826 ore
919 775 1020 829 eorpus

104 825 214 881 Christi
236 827 464 894 manducaretur,
487 826 654 895 jamdudum
678 826 776 880 fuisset
796 825 973 898 absumptum
992 831 1021 882 et

106 894 295 966 deglutitum
319 895 375 948 vid.
394 896 461 950 Ber.
485 896 632 976 oreophag.
655 895 709 949 vel.
734 901 754 949 l.
778 913 805 964 p.
825 902 882 952 266.
918 898 1020 967 Apage

104 963 243 1028 carnales,
262 980 369 1018 crassas
387 970 415 1018 et
426 964 557 1034 profanas
568 963 723 1017 istiusmodi
737 963 928 1035 eogitationes,
948 982 1020 1037 quse

103 1032 316 1102 eapemaitieae
340 1039 406 1085 sunt
425 1032 656 1086 manducationis.
694 1030 801 1102 Corpus
827 1034 900 1088 enim
919 1033 1021 1089 Christi

103 1101 184 1154 sient
200 1100 329 1156 dentibus
346 1118 402 1154 nen
423 1101 582 1167 conteritur,
599 1101 692 1156 necin
702 1100 855 1156 ventriculo
871 1104 1021 1174 digeritur;

103 1168 151 1223 ita
169 1186 221 1224 nee
238 1169 392 1224 absumitur
417 1169 462 1224 vel
485 1169 646 1240 deglutitur.
682 1168 805 1225 Sumitur
822 1172 895 1225 enim
914 1173 944 1226 in
960 1190 1020 1242 my·

103 1238 224 1361 skenflm
223 1245 251 1293 et
278 1243 463 1306 sacramento,
489 1239 519 1292 in
547 1255 601 1309 quo
623 1239 705 1308 juxta
729 1239 869 1310 elegantes
894 1248 1020 1296 veterum

102 1325 121 1361 r
225 1324 268 1361 os:

141 1311 178 1377 ss
323 1375 414 1428 Sumit
430 1392 510 1442 unus,
531 1380 642 1426 sumunt
658 1375 746 1444 mille,
782 1396 791 1405 ··

324 1443 464 1504 Quantum
483 1443 540 1510 isti,
556 1451 665 1496 tantum
681 1444 739 1498 ille.

323 1512 442 1566 Sumeret
461 1511 533 1579 boni,
553 1519 665 1564 sumunt
681 1513 759 1581 mali,

324 1581 406 1635 Sorte
423 1587 514 1632 tamen
531 1579 684 1648 inaequali,

390 1651 450 1702 Nee
467 1657 594 1716 sumptus
613 1650 776 1705 absumitur.

324 1718 348 1770 0
365 1734 449 1786 quam
467 1725 582 1770 sanetus
594 1719 762 1787 partitiale,

324 1788 367 1838 Tu
388 1787 465 1839 solus
485 1803 515 1838 ea
532 1787 605 1838 Jesu
626 1786 744 1850 Christe,

224 1862 232 1869 “
323 1857 407 1923 Caro,
425 1856 510 1922 cibas,
529 1858 743 1922 sacramentum,

324 1923 386 1984 Quo
403 1941 459 1976 aaa
475 1924 569 1991 majus
586 1931 626 1975 eat
644 1923 792 1976 inventum.

278 1991 364 2046 Item:
381 1992 472 2045 Nulla
491 1992 536 2044 rei
545 1993 583 2058 fit
600 1992 732 2060 selaeseu,

322 2060 406 2129 Signi
420 2069 529 2113 tantum
540 2061 578 2128 fit
587 2061 735 2125 fractura,

324 2129 386 2191 Qua
402 2146 453 2182 nee
472 2136 562 2181 statue
578 2145 629 2180 nee
645 2137 757 2182 statura

324 2197 440 2267 Siyaula'
455 2197 599 2250 minuitur.

182 2263 310 2335 (Reliqua
329 2273 507 2336 argumenta,
536 2281 608 2336 quae
631 2281 664 2319 ex
687 2263 802 2319 rationis
820 2263 1023 2335 argutiuneulis

103 2349 227 2458 ogemse
250 2339 415 2399 nectuntur,
443 2335 600 2404 aeorporis
621 2333 736 2388 humani
762 2333 957 2404 qualitatibus,
984 2333 1022 2388 ab

103 2421 127 2458 a
148 2402 192 2455 itu
210 2406 239 2456 et
253 2403 373 2457 transitu
393 2402 495 2458 Christi
513 2419 546 2456 ex
565 2403 616 2458 hoe
636 2403 749 2472 mundo,
768 2402 933 2472 aspirituali
945 2419 1022 2456 man-
1119 2446 1123 2454 .

106 2470 276 2539 dueatione,
299 2471 336 2525 ab
355 2472 485 2542 analogia
503 2478 734 2526 sacramentorum
755 2477 808 2526 ete.
825 2476 908 2543 (quae
929 2471 1022 2526 Urrirs.

106 2539 253 2622 eengessit
269 2540 302 2621 in·
317 2541 446 2611 explicet.
465 2541 571 2598 cateeh.
596 2559 623 2663 [ὁ.
645 2546 698 2621 545.
713 2545 780 2620 seq.)
801 2556 834 2594 ex
854 2538 1022 2661 eibservatio-

105 2608 274 2748 ululet·
292 2609 1022 2759 tuttelstet„tremulantem

104 2746 261 2813 naturalis,
285 2747 439 2815 spiritualis
464 2751 493 2800 et
517 2746 736 2813 sacramentalis,
764 2752 885 2815 itemque
905 2762 921 2800 e
939 2745 1024 2798 mode

108 2815 197 2870 dietis
221 2815 363 2869 commode
387 2814 504 2869 refutari
528 2819 652 2885 possunt
689 2814 773 2868 Dicta
819 2821 923 2881 atrum,
949 2830 1023 2884 quae

107 2883 258 2939 cumulant
280 2885 373 2940 Ursia.
391 2885 418 2938 d.
436 2884 454 2937 l.
475 2902 502 2953 p.
523 2890 580 2938 560.
600 2888 629 2938 et
648 2883 762 2937 Sadrel.
783 2832 830 2936 hl).
853 2882 888 2962 de
907 2898 1023 2962 sacramt

105 2970 134 3008 e.
154 2957 179 3007 6.
197 2968 224 3021 p.
244 2957 293 3007 323
312 2969 370 3023 seq.
388 2969 438 3006 nos
458 2969 514 3006 non
531 2952 704 3022 impugnant,
733 2951 815 3014 Quod
834 2968 906 3006 emm
921 2949 1024 3005 Christi

108 3037 210 3077 verum
218 3037 319 3090 cerpus
329 3027 357 3075 et
369 3023 483 3092 sanguis
493 3021 523 3074 in
533 3037 619 3075 coena
627 3037 691 3074 vere
699 3037 763 3074 eum
771 3035 843 3088 pane
850 3024 879 3074 et
887 3019 1023 3090 sanguine

106 3107 169 3145 nors
189 3089 245 3142 sint
260 3090 431 3159 praesentia,
451 3090 526 3161 quod
537 3090 634 3144 itidem
645 3089 726 3158 panis
738 3088 775 3142 sit
786 3096 894 3140 tantum
912 3088 1024 3160 signum

108 3164 141 3215 et
158 3155 263 3228 figura,
289 3175 390 3228 eorpus
416 3157 517 3213 Christi
539 3157 711 3230 significans,
738 3172 791 3211 nee
814 3155 888 3210 ullus
912 3164 1024 3227 patrum

106 3224 1025 3367 llllilsdssillltnefsllldlldfflluilli⁰lldili⁰nllll

366 3338 372 3350 ·
616 3336 623 3366 r
