2250 3772
266 230 272 237 ’
369 228 372 232 ’
440 241 493 305 De
510 240 643 325 jejunio.
938 239 1002 304 477

86 428 203 468 carnem
220 427 310 480 aeque
326 408 465 477 nutriant,
493 426 543 463 cur
558 410 590 464 E.
612 415 640 462 et
656 409 726 462 haee
743 425 798 462 non
816 408 969 462 excludunt
987 425 1004 463 a

86 498 139 535 suo
161 479 293 551 jejunio?
331 478 443 600 Ogtime
468 479 617 547 Aepuetin.
642 478 723 545 epist.
743 483 782 532 86.
813 478 848 531 ad
871 476 1001 557 Casulan.

86 557 156 605 tom,
172 555 196 603 2.
215 549 266 604 col.
280 553 336 604 359.
377 591 382 600 .
420 549 484 616 Epo
504 549 534 600 in
553 547 723 616 evanpelc'cie
742 555 768 599 et
786 547 950 614 apostolecis
967 547 1002 600 le'-

86 619 166 685 teris,
184 625 295 686 totoque
312 618 512 683 instrumento,
531 618 608 685 qaod
626 615 743 677 dicitur,
762 615 953 683 encaeniare
971 616 1005 669 id

86 685 772 810 mitta?ttdt⁶ddtt⁸⁸tt⁶dtdi
794 684 898 806 ἓὶἒὶῗῗ
911 691 1005 806 ati?

86 770 1004 948 aenaeaeitaecirrhaei.a·

86 910 173 1017 Rath
192 960 231 1014 11.
258 911 455 1015 ahoecelesiae
483 933 653 1029 apostolicae
682 909 844 1028 primitivae?
863 908 1003 1030 {hemplcz

86 1028 231 1086 Pontificii
250 1029 419 1084 confidenter
436 1029 599 1095 adstruunt,
614 1029 754 1098 jejunium
778 1046 858 1081 suum
876 1030 1004 1083 ecclesia·

86 1100 205 1165 sticum,
226 1099 406 1169 e'usdemque
429 1098 595 1168 praecipuas
619 1097 737 1165 species,
765 1099 1004 1178 quadragesimae,

86 1116 309 1230 hebdomadarii,
320 1166 453 1220 menstrui
466 1167 524 1221 sive
536 1172 654 1237 quatuor
665 1174 828 1236 temporum,
846 1166 926 1235 ahae,
945 1184 1004 1222 esse

86 1237 126 1292 ab
137 1235 207 1306 ipsis
222 1236 353 1305 apostolis
364 1234 500 1302 institute,
524 1236 689 1291 Beliarme'e.
701 1234 727 1290 d.
739 1235 756 1289 l.
769 1252 791 1289 e.
809 1242 839 1290 14
853 1252 928 1306 seqq.
950 1235 1002 1290 Oo-

86 1314 190 1360 same.
208 1304 310 1358 enchir.
331 1305 367 1358 de
379 1304 488 1373 jejunio
508 1320 523 1356 c
543 1310 583 1358 25.
602 1321 628 1372 p.
641 1310 758 1426 iotseq.
786 1303 827 1357 At
844 1321 861 1356 a
880 1305 1004 1426 quibus?

86 1372 231 1439 Quande?
267 1373 343 1429 Ubi?
381 1373 442 1435 Qua
465 1389 561 1425 norma
586 1378 615 1426 et
637 1373 726 1426 forma
783 1373 811 1426 A
834 1372 934 1443 quius
959 1389 1003 1427 ec-

86 1443 181 1498 elesiis
198 1442 267 1496 haee
287 1441 452 1496 observata?
484 1441 540 1494 Hic
558 1443 647 1512 magis
666 1442 790 1511 elingues
803 1459 887 1511 quam
899 1443 1004 1511 scapha

86 1517 162 1567 sunt.
208 1511 291 1564 Nihil
308 1512 398 1564 ebetat
418 1509 462 1563 hic
485 1517 506 1569 1,
524 1527 660 1563 canonum
686 1511 801 1579 apostol.
821 1519 849 1564 et
870 1510 1004 1565 Clement.

86 1579 232 1636 constitut.
251 1579 392 1634 autoritas.
411 1579 551 1632 Bellerm.
569 1580 587 1635 l.
602 1586 624 1632 2.
644 1580 679 1633 de
696 1579 760 1634 bon.
774 1579 880 1648 operib.
899 1580 928 1633 in
939 1596 1003 1649 par·

86 1651 137 1705 tie.
156 1665 181 1705 e.
201 1656 225 1704 7.
242 1653 262 1702 t.
282 1657 305 1703 4.
330 1647 524 1704 col.12·22.i).
552 1654 580 1701 et
607 1667 628 1701 c.
650 1655 688 1702 10.
715 1649 767 1701 col.
790 1654 861 1702 1235.
876 1648 906 1702 C.
944 1649 1004 1704 Eae

86 1716 165 1773 enim
182 1733 241 1770 non
259 1722 323 1770 sunt
340 1717 509 1786 apostolicae
532 1716 651 1787 ideoque
668 1733 723 1769 nen
741 1716 929 1783 authenticae,
955 1718 1005 1772 sed

89 1786 222 1853 Gelaeio,
241 1785 304 1838 dist.
326 1791 364 1838 15.
382 1802 407 1840 c.
425 1791 533 1851 sancta,
559 1792 586 1839 et
605 1787 727 1839 Eusebio
745 1785 863 1838 testibus
882 1786 900 1837 l.
920 1794 944 1840 5.
963 1785 1004 1839 hi·

86 1862 156 1910 stor.
177 1855 274 1909 eccles.
291 1870 352 1922 cap.
371 1859 413 1909 23.
432 1873 461 1923 p.
481 1859 521 1906 72.
558 1853 590 1908 E.
615 1854 799 1923 apocryphae.
838 1856 898 1907 Nec
914 1856 1005 1909 obstet

86 1932 112 1981 2.
125 1922 271 1994 primitiva
283 1923 408 1979 eeclesia.
427 1925 510 1976 Idem
522 1938 582 1991 cap.
594 1929 616 1978 7.
635 1923 685 1976 col.
700 1929 773 1976 1224.
783 1923 814 1974 Ε,
825 1939 901 1992 seqq.
932 1924 1004 1978 Fue·

86 1992 203 2047 mutin
220 2008 254 2046 ea
271 1999 328 2044 tam
346 1990 613 2062 quadragesimalia,
640 2006 723 2061 quam
743 1991 853 2060 Jejunia
875 1990 930 2045 alia
946 1992 1002 2044 usi·

86 2067 167 2130 tata,
186 2067 217 2114 at
229 2060 428 2116 indifferenter.
446 2060 653 2114 consuetudine.
668 2060 811 2127 varietate,
824 2059 878 2114 fine
891 2061 1002 2115 omnino

86 2129 198 2199 dispari
217 2128 364 2183 observata
386 2134 415 2182 et
436 2144 487 2198 pro
508 2128 657 2197 eujushbet
676 2128 790 2183 arbitrio
816 2128 902 2182 libere
924 2147 1002 2182 usur-

123 2204 166 2281 ta.
204 2197 269 2252 Vid.
290 2197 400 2252 Socret.
423 2198 441 2255 l.
463 2205 485 2252 5.
508 2196 603 2251 histor.
624 2198 721 2252 eccles.
747 2214 771 2252 e.
791 2204 831 2254 21.
849 2216 876 2320 h
896 2203 954 2253 318.
971 2198 1003 2254 Ε.

86 2265 1005 2415 uffl‘hrh'eclenhuss'effghphuhffhgiearlhffdfhhtrah43001uihhavgl

86 2405 208 2463 Nullum
226 2420 298 2458 emm
318 2421 393 2458 exem
415 2405 480 2471 lum,
500 2409 528 2457 et
565 2404 658 2458 uidem
675 2404 849 2460 voluntariae
863 2404 1004 2459 abstinen-

86 2474 154 2537 tiae,
172 2488 225 2543 pro
236 2473 375 2526 communi
394 2421 419 2526 he
441 2490 456 2527 e
474 2422 602 2525 omnihus
621 2472 776 2529 necessario
789 2474 924 2527 imitanda
943 2491 1005 2527 con·

86 2541 170 2600 stimi
181 2546 283 2611 potest.
313 2490 449 2610 Exemphs
461 2541 592 2610 exemplis
605 2541 743 2596 contraria
756 2543 859 2663 opsoni
873 2550 1005 2611 possunt:

86 2609 209 2678 irenam,
228 2611 367 2663 Eusebiae
385 2611 402 2664 l.
416 2617 439 2666 5.
459 2627 483 2663 c.
494 2615 535 2666 23.
555 2628 581 2679 p.
593 2616 633 2665 69.
646 2610 677 2666 O.
716 2609 789 2680 Spin
809 2611 877 2679 onis,
897 2611 1002 2666 Sozam.

86 2682 104 2738 Ι.
129 2686 154 2736 l.
171 2696 196 2733 c.
216 2685 255 2733 11.
273 2698 300 2749 p.
320 2684 378 2734 436.
393 2679 425 2732 Ε.
444 2684 496 2735 etc.
541 2681 601 2731 Nee
628 2681 718 2732 obstat
742 2687 765 2733 4.
791 2680 864 2748 quod
888 2679 1005 2734 ecclesia

86 2750 162 2804 haec
180 2747 277 2801 credat
295 2751 323 2800 et
335 2747 491 2815 demandet,
511 2748 586 2817 quod
598 2748 664 2802 item
678 2748 795 2802 eeclesia
807 2749 843 2802 sit
855 2748 1003 2818 audienda,

86 2817 197 2873 Matri.
219 2819 319 2884 18,17.
359 2816 463 2870 Coeter.
483 2816 613 2871 enchirid.
632 2833 655 2869 c.
679 2824 720 2873 25.
739 2835 765 2886 p.
781 2824 838 2873 702.
874 2816 915 2869 At.
933 2834 1004 2886 quae

86 2883 230 2942 ecclesia?
266 2884 375 2940 Verere
394 2885 701 2953 christiano-catholica,
719 2903 790 2955 quae
801 2901 898 2939 vocem
910 2885 1005 2953 sponsi

86 2954 174 3009 unice
191 2952 272 3007 audit
290 2959 319 3007 et
333 2954 471 3023 sequitur,
487 2955 553 3008 Joh.
574 2958 620 3021 10,
639 2958 683 3011 27.
720 2957 766 3007 An
785 2952 1003 3008 romano-catho-

86 3022 157 3103 lica,
172 3037 245 3092 quae
262 3022 298 3076 ab
317 3022 413 3076 eodem
430 3022 553 3077 recedit?
584 3022 647 3078 Non
664 3022 863 3076 attendendum
882 3022 949 3091 quid
960 3039 1004 3076 ec·

86 3091 178 3147 cicera
194 3090 300 3158 credat,
318 3092 432 3160 etquid
451 3091 606 3156 demandet,
624 3092 672 3146 sed
692 3109 758 3143 num
775 3091 859 3144 verbo
869 3090 924 3145 Dei
938 3107 1003 3144 eon-

88 3176 163 3215 ιω
179 3159 276 3215 credat
294 3164 322 3213 et
340 3159 495 3221 demandet,
514 3166 542 3214 et
559 3165 627 3213 tunc
647 3159 802 3226 audienda3
823 3159 865 3212 sin
884 3159 1003 3225 dissona,

88 3244 270 3300 nequaquam
294 3227 441 3282 audienda.
482 3228 565 3282 Ratio
589 3228 640 3284 ΙΙΙ,
664 3229 699 3283 ab
723 3229 855 3299 adjuncto
876 3229 1004 3285 inconve-

92 3295 182 3351 nienti·
198 3297 257 3353 sive
275 3297 404 3354 absurdo.
449 3298 524 3361 Quid
546 3299 637 3367 mepte
659 3296 827 3367 ridiculum,
853 3298 1005 3367 hypocriti-
