2250 3772
115 226 182 292 444
251 222 358 310 Caput
379 222 439 307 [Π.
485 224 537 288 De
558 222 701 287 oratione
722 222 891 331 dominica

114 393 291 463 disciplinae,
310 407 366 446 non
383 391 598 513 superstitionis,
620 390 725 459 meriti,
742 384 991 459 cultus,sutopa''1

115 459 995 609 zaccarialeudesinda-rutberti

115 599 248 670 precandi
264 599 348 652 horas
367 597 420 651 s1b1
439 597 616 653 constituere.
655 597 730 662 Qum
754 602 785 652 et
802 597 918 667 publicis
931 594 995 649 scole

113 668 173 723 siae
190 667 320 739 precibus
333 671 439 720 certum
449 671 559 735 tempus
572 665 718 730 destinare,
736 670 765 720 et
776 667 855 735 pium
865 670 895 720 st
903 678 995 786 Ἤ

115 744 144 792 et
161 736 347 791 necessarium
368 740 425 799 est,
448 735 523 789 absit
546 740 640 789 tamen
659 734 828 805 superstitio.
865 734 916 788 Nil

115 806 202 861 21²³.
220 808 280 872 119,
298 806 360 858 164.
391 804 473 856 Idem
491 803 558 859 ibid.
590 803 698 873 Septies
716 803 790 858 eninr
808 802 838 857 in
855 802 942 858 disse
955 800 995 855 lu·

114 875 178 929 dem
198 873 300 928 dixisse
316 872 409 925 David
429 871 542 926 asserit.
567 871 768 941 synecdochice
784 870 912 940 ponendo
925 882 995 925 uuus

112 959 175 996 rum
194 948 301 996 certum
320 955 371 1010 pro
387 940 501 995 incerto.
536 940 614 997 Sicut
636 946 665 995 et
684 939 809 1011 alioquin
833 940 864 994 in
882 939 937 997 Scri

112 1026 164 1134 per
190 1026 335 1145 numepum
361 1008 547 1078 septenarium
573 1009 692 1080 quilibet
722 1026 854 1064 numerus
883 946 995 1080 parm

134 1085 269 1134 enotatur.

252 1195 303 1260 27.
340 1194 409 1261 Ubi
431 1208 459 1260 et
479 1195 595 1280 quoin
614 1196 686 1261 loco
708 1199 885 1265 orcadum?

197 1313 277 1380 Veri
309 1314 492 1379 adoratores
523 1314 702 1379 adorabunt
733 1314 867 1379 Patrem
894 1310 995 1379 nonin

109 1399 182 1464 loco
203 1399 264 1462 hoc
284 1399 430 1483 veliem,
454 1399 566 1475 sedin
588 1400 701 1485 spiritu
723 1412 755 1464 et
776 1400 921 1477 veritate,
939 1396 995 1463 Jol

110 1486 141 1559 4,
152 1484 204 1566 23,
225 1484 259 1547 in
276 1484 363 1548 omni
378 1485 460 1562 loco,
481 1488 507 1550 1.
525 1487 599 1549 Tim.
611 1487 641 1562 2,
653 1486 683 1561 8,
704 1483 801 1548 etiam
815 1484 850 1548 in
865 1480 995 1563 cubiculo,

109 1568 219 1631 clauso
242 1568 334 1647 ostio,
355 1570 390 1633 in
409 1569 605 1654 abscondito,
626 1570 740 1634 Metili.
762 1570 793 1645 6,
815 1573 845 1636 6.

177 1687 307 1749 (Errant
339 1686 345 1697 '
368 1686 423 1741 itur
445 1686 603 1755 pontificii,
630 1686 677 1757 qui
701 1692 837 1741 secretam
863 1682 995 1757 quempian

110 1756 285 1811 sanctitatem
304 1703 439 1810 deificatis
457 1762 616 1809 sanctorum
633 1755 744 1836 templis
756 1754 905 1826 affingunt,
922 1759 995 1831 etmi-

110 1827 213 1881 rimam
232 1822 386 1878 efficaciam
402 1823 462 1877 istis
482 1824 610 1894 precibus
635 1825 805 1892 attribuunt,
831 1838 904 1893 quae
926 1822 995 1874 inus

111 1896 175 1950 dem
192 1893 230 1946 ad
246 1893 329 1963 hujus
347 1891 392 1946 vel
410 1892 490 1946 istius
509 1892 599 1946 sancti
618 1893 718 1946 altaria
741 1898 771 1946 et
787 1893 922 1963 imagines
936 1886 995 1943 duat

110 1964 176 2019 Vid.
194 1962 364 2015 Bellarms'a.
383 1961 400 2012 l.
421 1967 444 2015 ³.
464 1960 499 2015 de
517 1962 583 2015 cult.
595 1968 681 2015 sanct.
700 1970 758 2019 ab,
776 1967 834 2015 tt.
854 1952 995 2016 columb

110 2031 210 2088 Omnia
229 2030 433 2100 superstitiose!
448 2030 540 2083 omnis
555 2038 652 2084 contra
669 2030 853 2100 Scripturam!
884 2026 943 2084 vid
957 2025 995 2078 Et

107 2104 153 2166 66,
172 2105 204 2167 1,·
231 2102 294 2155 Act.
319 2101 341 2165 7,
361 2102 412 2151 48ε
437 2098 646 2153 Excelsissimus
670 2098 698 2152 in
719 2098 887 2153 manufactis
905 2090 995 2172 templu

108 2185 165 2224 non
183 2167 291 2221 habitat
308 2172 360 2222 etc.
405 2166 463 2221 Nec
481 2172 505 2220 2,
532 2166 586 2221 loci
612 2167 745 2237 qualitas,
768 2169 818 2221 sed
838 2165 939 2220 orantis
952 2174 995 2232 μθ·

106 2245 152 2293 tas
186 2236 336 2289 orationem
367 2232 529 2289 sanctificat
574 2235 634 2290 Nec
662 2244 685 2290 3.
713 2244 827 2290 extema
852 2234 995 2304 templum

107 2302 241 2359 sanctitas
254 2304 382 2374 precibus
394 2312 562 2358 momentum
575 2304 662 2357 ullum
674 2304 762 2369 addit,
780 2305 830 2358 sed
841 2320 921 2357 omne
933 2310 994 2354 saa!

107 2372 216 2446 pondus
234 2389 252 2426 a
269 2372 328 2425 solo
340 2372 449 2427 Christo
460 2371 516 2427 fide
529 2373 700 2441 apprehenso
712 2372 823 2426 habent.
853 2371 926 2443 Quid
938 2361 994 2489 padi

109 2450 133 2499 4.
152 2441 290 2510 adoratio,
314 2458 385 2512 quae
403 2440 435 2494 fit
452 2442 488 2496 ad
506 2441 605 2494 altaria
622 2448 650 2495 et
669 2442 706 2494 im
747 2442 818 2507 nes,
843 2450 887 2495 est
902 2433 994 2492 idools·

104 2510 196 2567 trica?
234 2510 272 2564 Et
294 2516 316 2564 5.
341 2510 484 2563 christiani
507 2510 663 2581 primitivae
685 2509 818 2564 eccesiae
842 2509 888 2563 lon
909 2525 924 2562 o
943 2513 993 2582 teat

127 2596 174 2635 ore
191 2579 250 2633 sine
267 2578 377 2648 templis
393 2586 516 2635 orarunt,
556 2580 616 2632 Nec
635 2580 737 2645 obstat,
759 2578 834 2649 quod
852 2579 881 2632 in
925 2571 992 2651 ·⁰¹¹.¹⁸

105 2599 141 2704 i,
163 2648 240 2702 Dens
263 2646 342 2718 genti
365 2647 501 2701 «iudaicae
529 2665 615 2701 unum
641 2647 731 2700 locum
756 2655 833 2701 certo
855 2642 992 2715 assignant

105 2733 207 2787 nempe
218 2716 427 2771 tabernaculum
440 2723 468 2769 et
478 2715 576 2770 deinde
589 2716 721 2836 templum
734 2715 896 2783 Salomonis,
908 2718 930 2768 1.
940 2710 989 2775 lla.

105 2788 132 2855 6,
153 2792 166 2838 1
185 2792 213 2838 et
229 2801 312 2854 seqq,
332 2784 368 2838 ad
387 2785 461 2855 quod
480 2785 597 2838 oraturis
616 2802 650 2840 ve
678 2785 891 2850 ascendendum,
908 2786 929 2835 1.
937 2778 989 2842 llll·

107 2857 130 2922 8,
147 2856 202 2934 303·
223 2857 288 2907 Luc.
301 2858 341 2920 18,
359 2855 411 2919 10,·
430 2854 528 2909 Actor.
544 2856 570 2916 3,
593 2861 613 2917 1,
631 2853 675 2907 vel
694 2853 786 2907 vultus
804 2853 902 2907 saltem
918 2842 990 2923 adlit·

106 2940 170 2978 cum
189 2921 263 2976 illius
281 2926 341 2975 erat
357 2922 566 2987 convertendus,
585 2922 701 2977 Daniel,
719 2925 745 2990 6,
766 2924 809 2977 10.
844 2919 989 2975 Ratuma-

105 2992 187 3062 alleg,
208 2991 261 3045 loc.
281 3006 304 3044 c.
321 2996 347 3046 4.
366 2989 417 3044 col.
430 2995 488 3045 862.
501 2990 531 3043 Β.
547 2990 578 3043 C.
614 2991 739 3044 Christus
750 2991 825 3044 euim
836 2990 985 3044 circumau-

103 3060 172 3113 tiam
194 3059 270 3113 illam
297 3058 351 3112 loci
373 3059 403 3112 in
425 3058 461 3115 N.
481 3058 555 3112 Test.
572 3059 654 3128 plane
679 3059 806 3125 sustulit,
836 3048 983 3115 104474·

103 3127 179 3182 Hinc
195 3128 289 3195 nobis,
312 3129 444 3196 quoniam
463 3126 591 3180 Christus
617 3129 768 3181 adveniens
786 3144 890 3181 oasam
905 3126 983 3177 tm*

103 3197 280 3259 emundavit,
299 3196 389 3249 omum
405 3197 484 3250 locus
506 3197 631 3250 orationi
646 3204 736 3252 carm.
773 3198 814 3250 Et
830 3194 914 3251 omas's
927 3194 981 3243 tam

100 3265 230 3319 sanctior
246 3264 298 3319 cllo
316 3266 378 3318 loco
396 3272 448 3333 est,
475 3263 525 3333 qai
546 3265 576 3317 ia
595 3266 646 3320 illo
666 3266 728 3319 loco
748 3273 775 3318 et
791 3273 909 3335 tompore
920 3262 980 3328 W
