2250 3772
108 232 174 300 554
280 230 388 317 Caput
408 233 449 299 V.
491 232 544 297 De
564 253 665 297 ooena
687 194 858 298 dominioa.

111 401 311 466 oramentalis
344 402 427 466 inter
456 424 578 501 panem
609 411 642 465 et
674 422 794 486 eorpus
824 400 1002 477 dominicum,

111 487 370 573 exprimendum
398 486 601 571 aeorpie'ndae
628 508 705 550 vero
727 498 804 550 sunt
828 492 1002 573 promtiore

110 586 139 639 et
160 576 251 637 modo
274 572 367 656 hujus
389 570 585 654 sacramenti,
607 569 653 634 ita
673 582 711 635 ut
734 595 849 636 eorum
870 569 1002 637 sententia

112 679 186 723 oum
203 656 308 721 verbis
330 656 537 721 institutionis
560 655 680 719 Christi
705 656 886 723 conveniat.

212 794 262 859 31.
302 791 419 870 Quales
446 793 541 875 ipitar
560 803 632 854 aunt
647 793 923 876 praedicationes?

196 892 279 957 Sunt
300 894 565 959 adoramentolea.'
588 891 689 956 Panis
715 893 805 956 enim
831 906 883 958 est
910 915 946 957 oo
977 913 1004 955 ut

110 975 232 1040 Christi
253 979 523 1054 sacramentahter,
545 977 605 1040 hoo
627 986 684 1053 est,
706 978 802 1062 panis
824 989 875 1042 est
896 914 1004 1063 synih

110 1060 177 1123 lum
215 1082 271 1124 seu
308 1060 466 1137 medium,
503 1082 575 1125 oum
608 1082 672 1144 quo
706 1061 881 1127 exhibetur
913 1082 1005 1149 corpus

109 1142 246 1228 Christi;
269 1155 300 1209 et
321 1145 430 1208 vinum
446 1155 494 1209 est
509 1145 691 1230 symbolum
706 1169 765 1210 seu
780 1148 933 1233 medium,
953 1168 1005 1211 oum

109 1252 173 1314 quo
193 1230 361 1294 exhibetur
382 1230 513 1316 sanguis
536 1228 665 1298 Christi.

180 1331 197 1400 (
198 1331 311 1383 Errant
321 1330 408 1400 igitur
421 1347 436 1384 a
448 1331 631 1399 Calvinianir,
651 1329 700 1402 qui
715 1330 942 1400 praedicationes
959 1344 1004 1402 pro

108 1399 184 1470 prias
203 1400 260 1453 sive
278 1399 432 1480 singulares
444 1416 503 1453 esse
515 1400 694 1455 contendunt
723 1401 884 1454 Orthodoa.
894 1400 1003 1455 Cenem

107 1466 515 1606 tttatn.²t.⁷·t¹tt.fi¹¹tt
529 1474 673 1592 5302th
688 1469 928 1591 {mih
957 1474 1004 1522 “⁹²

109 1607 222 1662 Boron.
240 1604 294 1659 loe.
312 1611 354 1660 48.
382 1612 487 1676 quaest.
506 1610 548 1662 66.
572 1623 598 1675 p.
619 1612 678 1661 681.
715 1604 788 1659 Cum
807 1606 883 1660 enim
902 1603 1002 1660 detrito

106 1673 344 1744 praedicationum
362 1674 389 1727 lo
411 1674 515 1728 icarum
532 1673 704 1745 regularium
721 1674 792 1743 ipsis
805 1691 863 1729 non
873 1675 999 1744 competet,

108 1742 156 1812 qui
182 1741 327 1796 definitum
352 1691 449 1797 iisdem
476 1742 633 1812 competet?
670 1743 734 1798 Non
762 1743 838 1797 enim
866 1744 1000 1814 congruunt

107 1812 145 1866 ad
174 1811 295 1881 aliquem
322 1813 434 1865 modum
461 1830 494 1868 ex
521 1813 643 1882 quinque
688 1811 920 1880 raedicabilibus,
947 1823 999 1931 Ἦ

107 1880 233 1935 definitio
262 1888 304 1935 est
327 1881 448 1949 praedio.
478 1882 624 1952 regularis.
695 1881 797 1948 hilt'pp.
828 1880 878 1935 lib.
908 1888 927 1934 l.
967 1877 972 1890 ’

109 1954 177 2006 erot.
199 1968 225 2018 p.
248 1956 304 2006 108.
345 1949 451 2019 Corpus
470 1949 571 2003 Christi
590 1965 663 2012 esse,
687 1965 778 2018 neque
798 1956 841 2002 est
858 1965 954 2020 genus,
966 1961 999 2000 ne

107 2036 162 2089 que
184 2018 303 2087 speeies,
324 2036 358 2073 no
380 2035 415 2072 ue
434 2017 603 2086 differentia,
630 2034 720 2087 neque
744 2019 904 2087 proprium,
928 2029 996 2085 nequo

106 2088 237 2142 accidens
253 2088 340 2155 panis.
403 2131 408 2142 .
428 2104 480 2141 neo
498 2087 588 2157 logice
605 2087 640 2140 de
657 2102 732 2166 pane
749 2086 908 2155 praedicari
917 2087 995 2154 pona

106 2155 175 2235 vel,
205 2155 227 2207 si
251 2155 338 2208 mavis
367 2155 462 2210 ordine
485 2155 621 2223 Ramaeo,
649 2170 689 2207 sio
710 2155 889 2224 progredior:
918 2167 995 2222 corpu

107 2223 209 2277 Ohrrsti
238 2240 312 2287 esse,
337 2241 427 2295 noque
449 2229 491 2278 est
514 2240 615 2291 causa,
641 2239 733 2294 neque
756 2222 904 2292 effectum,
927 2234 995 2291 neque

108 2291 279 2359 subjeetum,
301 2309 392 2361 nequo
415 2293 578 2362 adjunctum
603 2292 692 2361 panis.
748 2291 826 2363 Ergo
845 2299 873 2347 et
892 2293 925 2347 de
944 2302 996 2365 punt
1041 2294 1043 2299 '

108 2357 246 2413 affirmate
264 2361 418 2429 praedicari
437 2378 492 2415 non
511 2365 609 2430 potest,
629 2377 690 2415 esse
708 2359 787 2414 illum
805 2378 905 2431 corpus
917 2357 995 2415 Christ

107 2431 184 2496 (nam
200 2429 254 2482 ista
272 2430 331 2484 sola
350 2437 576 2501 argumentorum
592 2444 695 2498 genera
712 2428 805 2497 prima
823 2435 889 2483 sunt
906 2441 995 2483 comm

107 2501 202 2563 tanea)
219 2498 251 2552 Ε.
270 2514 321 2552 neo
361 2499 511 2553 raedicatio
529 2499 633 2552 usitata
652 2496 743 2567 logioa
762 2504 815 2552 est.
849 2498 882 2552 E.
901 2498 945 2569 qui
960 2509 995 2566 pro
1041 2516 1043 2567 3

108 2583 140 2621 eo
158 2567 308 2621 obtinendo
327 2516 477 2637 disputant,
496 2567 603 2636 ἀλόγως
621 2566 785 2636 disputant.)

273 2670 323 2734 32.
360 2674 474 2733 Annon
497 2694 567 2735 vero
597 2681 666 2732 sunt
689 2668 853 2755 tropicae?

192 2769 415 2854 Neqnoqoora5
444 2769 546 2832 omnis
574 2769 659 2834 enim
681 2781 791 2854 tropus
814 2781 863 2834 est
884 2763 995 2832 mutatio

107 2852 347 2938 signifieationis
369 2853 517 2941 propriae
538 2854 571 2916 in
593 2854 738 2920 alienam.
777 2854 884 2938 Atqui
904 2854 936 2918 in
953 2853 996 2916 ha

106 2939 340 3024 propositione:
369 2941 466 3024 panis
495 2952 537 3003 ort
570 2962 680 3023 eorpus
713 2938 845 3016 Christi,
875 2961 939 3003 non
963 2941 997 2999 est

105 3024 238 3087 mutatio
267 3022 507 3109 significationis
528 3024 677 3108 propriae
702 3022 907 3099 molieram,
939 3019 996 3105 quit

106 3107 233 3193 singula
267 3110 365 3172 verba
398 3108 550 3184 nativam,
586 3108 759 3193 genuinam
791 3119 825 3172 et
854 3107 996 3194 propriam

106 3214 196 3256 suam
228 3193 492 3279 significationem
521 3192 664 3258 retinent.
707 3193 748 3259 Ε.
777 3204 809 3256 et
836 3188 994 3293 propositio

106 3277 184 3341 haee
201 3281 296 3362 ponis
319 3291 362 3343 eat
383 3302 496 3363 corpas
519 3277 635 3341 Christi
653 3299 717 3341 non
738 3277 798 3341 erit
821 3289 948 3365 tr0p1oa
