2250 3772
182 255 270 321 ·Da
290 269 435 342 persone
450 252 579 320 christi
665 324 673 331 ,,
793 252 860 319 281

76 423 99 478 lo
117 422 259 478 notionum
277 422 375 478 herum
383 421 608 477 theandricamm
621 419 763 488 oonsistat‚
783 437 856 475 anne

76 491 131 545 uod
160 498 182 548 1.
200 509 272 546 unus
291 497 333 547 est
352 493 486 560 ἐνεργῶν,
510 502 568 544 una
589 505 710 560 persone
732 490 856 544 aetiones

76 561 197 624 duoens,
222 565 251 615 et
267 561 342 632 quod
367 566 391 616 2.
409 576 496 613 unum
513 565 555 614 est
574 559 761 632 ἀποιέλεσμα,
775 575 856 628 λ011111

76 635 143 684 itum
162 646 322 690 commune,
347 647 381 684 ex
399 629 542 699 utriusque
560 635 676 682 naturae
695 627 855 699 operatione

76 698 125 752 us?
170 697 325 752 calviniani
347 697 500 761 affirmant,
528 710 579 750 uos
598 710 741 767 negamus.
782 695 856 760 Quia

76 769 139 821 iaec
158 767 214 820 duo
226 767 383 837 requiritur,
403 772 426 822 1.
438 771 471 820 ut
487 763 520 819 ed
533 765 701 835 ἐνεργητικά,
722 764 794 820 duae
805 780 855 818 ua·

76 855 82 889 1
101 837 204 906 quibus
224 836 351 905 procedit
367 834 451 901 aetio,
479 833 573 889 divina
593 838 622 888 st
641 832 764 887 humane
781 833 854 888 inter

76 904 170 959 simam
183 904 401 959 communionem
414 903 544 970 habeant,
558 903 641 973 juxta
652 902 778 973 regulam
792 907 853 956 Da·

76 991 106 1026 11.
128 980 151 1029 3.
171 973 279 1028 orthod.
299 972 347 1026 fid.
375 990 435 1041 oap.
456 977 496 1028 19.
520 989 547 1041 p·.
568 976 626 1026 256.
671 972 781 1025 Divina
799 988 852 1024 aa·

76 1043 212 1096 emunieat
229 1043 313 1095 carni
328 1043 439 1110 aperti:
461 1049 494 1122 ,et
517 1040 642 1121 oioe‘eaim
664 1057 733 1120 earo
751 1039 853 1093 divini·

76 1110 546 1263 ⁹3ffitlll?‚⁷²lulllltl;tt
562 1107 854 1238 tuttelstet

78 1253 110 1301 nt
128 1264 296 1316 communes,
310 1253 393 1318 Juxta
411 1250 547 1304 Demeae.
559 1245 684 1317 regulam
700 1244 754 1300 loe.
772 1245 854 1317 alleg.

76 1354 78 1363 »
96 1318 159 1386 ejus
177 1319 252 1371 aetio
270 1326 333 1370 erat
351 1318 456 1385 divina,
474 1316 508 1369 id
524 1324 573 1382 eat,
593 1316 733 1383 dedicata,
753 1322 780 1368 et
797 1332 855 1368 uon

76 1386 176 1439 livinae
195 1387 322 1455 aetionis,
342 1394 368 1438 et
387 1386 485 1438 divino
504 1386 566 1454 ejus
577 1385 651 1437 aetio
665 1401 722 1437 non
733 1391 797 1437 erat
808 1400 853 1437 ee-

76 1472 167 1508 eauae
192 1455 321 1507 aetioeia.
360 1453 446 1512 Item:
473 1471 530 1506 ooo
556 1453 715 1505 humanitus
729 1452 855 1522 perfecit

94 1532 145 1577 aut
158 1523 294 1577 divinitus
308 1523 422 1590 divium
440 1524 492 1575 aed
503 1523 602 1577 divina
609 1520 735 1591 perfecit
744 1520 854 1591 ἀνθρω-Ι

76 1610 186 1662 ¹terrione,
205 1599 231 1645 et
250 1594 372 1644 humano
389 1594 496 1661 θεικώς,
516 1592 617 1645 divine.
646 1591 729 1644 Idem
739 1607 801 1661 cap.
814 1595 854 1645 15.

76 1667 116 1716 35.
133 1666 164 1714 et
181 1678 202 1714 o.
216 1665 253 1715 19.
273 1678 300 1729 p.
311 1666 368 1714 255.
396 1661 508 1713 Errant
518 1659 605 1732 igitur
617 1658 723 1715 elench.
735 1657 853 1714 insufflo.

76 1736 103 1795 1.,
120 1729 170 1800 qui
188 1729 223 1783 ad
236 1729 352 1783 aetionis
368 1728 588 1783 communionem
604 1724 731 1783 sufficere
742 1734 853 1782 eonten-

95 1815 256 1868 personam,
286 1803 310 1854 2.
331 1798 536 1868 apotelesmatis
562 1796 704 1850 unitatem.
750 1797 854 1850 Polou.

76 1873 138 1928 unta
161 1885 194 1923 m.
214 1866 297 1921 theol.
315 1883 339 1920 o.
360 1873 390 1922 16
417 1884 444 1936 p.
464 1872 523 1922 318.
538 1865 574 1921 H.
584 1865 607 1920 1.
617 1863 755 1934 etseq.A.
788 1866 852 1918 Da-

76 1954 107 1989 m.
152 1935 265 1989 hemnit.
285 1952 345 2005 cap.
366 1941 405 1990 12.
422 1953 450 2004 p.
470 1940 518 1990 281
539 1951 615 2004 seqq.
641 1936 669 1987 et
686 1949 709 1986 o.
731 1938 770 1988 17.
788 1949 853 2004 pag.

76 2047 81 2057 .
113 2004 175 2057 lllic
194 2005 266 2058 enim
285 2021 341 2058 non
355 2003 480 2072 aetionis,
500 2003 549 2058 sed
561 2000 696 2070 suppositi
708 2001 854 2070 duntaxat,

76 2090 127 2127 seu
144 2078 308 2126 naturarum
326 2071 468 2144 agentium
481 2071 510 2125 in
528 2087 584 2124 una
594 2086 714 2140 persona
724 2074 767 2125 est
779 2086 853 2124 oom-

76 2142 107 2195 111
126 2159 192 2196 vero
205 2142 374 2195 diversarum
386 2146 495 2195 tantum
508 2133 700 2207 ἀκοινωνὴιων
712 2139 854 2194 aot-ionum

76 2228 118 2264 us.
155 2209 201 2265 Sic
225 2227 303 2273 ver0‚
328 2210 351 2263 si
368 2209 447 2264 nulla
461 2209 602 2264 actionum
619 2207 788 2277 communio,
811 2224 854 2263 se·

76 2279 227 2335 lestoriane
245 2279 371 2336 divulsio.
405 2279 442 2331 Et
459 2279 499 2333 sio
517 2293 609 2349 neque
625 2276 740 2348 sanguis
752 2272 854 2332 Christi

89 2364 140 2401 nos
163 2364 180 2400 a
200 2356 325 2416 peccato,
344 2351 367 2400 1.
381 2348 449 2404 Jou.
462 2353 487 2414 1,
503 2344 524 2416 7,
541 2363 631 2417 neque
649 2363 713 2401 earo
731 2346 792 2416 ejus
813 2347 853 2400 vi·

76 2418 121 2469 oh.
140 2420 166 2475 6.
186 2421 233 2482 51,
255 2434 346 2486 neque
370 2433 470 2485 eorpus
489 2419 549 2487 ejus
566 2432 616 2484 pro
634 2415 714 2469 nobis
733 2415 762 2468 in
780 2431 851 2468 mor-

77 2486 162 2548 itum,
187 2502 277 2554 neque
295 2502 343 2538 san
367 2484 408 2538 uis
427 2485 455 2538 in
472 2483 659 2539 remissionem
670 2489 851 2565 peecatorum

83 2554 186 2607 Mattio.
208 2557 252 2621 26,
271 2557 314 2608 28.
379 2569 429 2607 aee
453 2554 527 2608 enim
550 2570 606 2607 non
623 2553 677 2606 nisi
697 2552 854 2621 apotentia

75 2628 87 2677 t
113 2621 222 2675 infinita
239 2623 339 2677 virtute
356 2621 495 2693 proficisci
516 2627 646 2691 possunt,
669 2637 759 2692 neque
777 2620 854 2674 deni·

76 2689 195 2745 officium
214 2691 371 2745 mediatoris
392 2691 543 2745 seeundum
561 2696 651 2744 utram
670 2706 707 2744 ne
724 2692 852 2742 naturam

75 2767 103 2813 to
126 2760 182 2813 diei
200 2767 304 2829 potest,
327 2767 423 2814 eontra
440 2760 599 2814 unanimem
617 2764 660 2813 ort
680 2758 785 2813 odoxae
803 2774 851 2811 an·

76 2846 270 2885 »eonsensum
308 2830 400 2881 Errat
418 2835 440 2883 2.
459 2831 598 2882 Donaeea
617 2845 703 2882 exam.
715 2825 851 2882 Chemnit.

76 2916 94 2952 1.
113 2903 172 2952 118.
193 2898 241 2968 qui
261 2903 284 2953 1,
302 2913 413 2951 earnem
432 2895 535 2951 Christi
554 2897 591 2950 ad
608 2896 755 2951 efficienda
770 2893 853 2948 mira·

76 2990 79 3018 1
99 2965 163 3035 plus
182 2983 265 3036 quam
285 2983 395 3020 carnem
413 2965 600 3035 apostolorum
619 2964 767 3027 eontulisse
786 2963 852 3017 seri-

76 3036 233 3088 itorianuml
275 3035 352 3099 Quae
381 3033 420 3088 sio
444 3035 516 3088 inter
538 3034 673 3087 miracula
697 3031 799 3087 Christi
823 3036 855 3086 et·

76 3121 128 3157 um
155 3103 334 3158 differentia?
370 3109 394 3157 2.
417 3102 533 3158 Carnem
555 3101 667 3157 'confert
689 3119 754 3155 oum
772 3100 852 3173 virga

76 3179 101 3226 et
118 3174 224 3226 nudum
244 3173 379 3226 duntaxat
398 3171 610 3227 instrumentum
627 3168 763 3236 nominat,
781 3171 850 3224 idid.

76 3241 154 3295 numl
183 3241 255 3305 Quid
277 3259 343 3312 ergo
359 3241 432 3295 inter
443 3241 558 3296 eandem
576 3247 604 3295 et
616 3239 722 3293 asinam
733 3238 852 3293 Bileami

76 3309 133 3364 iae?
169 3313 224 3364 Eat
241 3311 459 3376 instrumentum,
475 3327 571 3364 oerum
588 3327 644 3362 non
661 3305 783 3377 ἄλογον,
801 3308 850 3363 sed
