2250 3772
360 246 412 310 De
432 257 572 332 peccatu.
860 247 922 313 169

86 417 205 468 naumm
223 415 305 467 Rom.
326 417 350 477 6,
372 417 423 467 12:
457 414 499 468 Ne
517 419 615 484 regnet
639 419 785 484 peccatum
804 414 832 467 in
852 432 923 468 mor·

91 487 172 536 vestm
191 499 225 536 co
260 498 315 546 ore,
333 487 365 535 ut
377 483 512 536 obediatis
526 490 651 552 peccato,
668 486 697 537 in
709 482 923 551 cupiditatibus,

86 567 97 605 l.
113 557 156 605 14:
176 568 212 605 ne
255 551 393 604 ominetur
414 551 493 604 vobis
513 562 667 620 peccatum.
702 552 813 605 Dicitur
830 558 923 606 autem

86 635 185 690 egnuns,
203 619 241 673 ah
260 619 372 684 effecto,
392 621 458 689 quia
474 621 504 673 in
521 621 691 674 non-renatis
710 628 822 691 regnat,
849 626 877 674 et
894 621 923 672 hi

86 688 109 740 is
131 687 272 743 desideriis
298 704 349 758 per
367 688 486 758 Spiritus
511 689 599 743 sancti
621 689 739 760 gratiam
761 706 817 742 non
841 705 923 758 repu-

86 761 120 824 rt,
142 758 191 810 sed
208 757 407 827 obsequuntur.
441 757 552 811 Dicitur
568 764 591 812 2.
611 758 741 823 mortale,
765 758 800 810 ab
821 757 924 811 effectu

86 826 216 895 equentis,
234 826 302 897 quia
318 826 449 906 quoniam
464 843 528 880 caro
547 826 576 878 in
594 827 691 881 eodem
702 833 801 896 regnat
820 835 847 880 et
865 825 924 879 vin-

86 900 153 948 certo
166 894 269 948 certius
287 896 323 947 ad
334 912 424 965 ipsum
442 913 514 949 mors
533 902 561 949 et
573 895 714 949 damnatio
729 903 849 962 aeterna,
870 893 924 947 nisi

89 961 207 1016 remissio
228 980 279 1032 per
296 962 448 1025 Christum,
474 965 657 1035 consequitur.
698 963 810 1017 Dicitur
829 972 852 1019 3.
876 980 923 1016 vo-

86 1031 179 1096 adum,
206 1048 326 1085 acausa
349 1031 486 1086 efficiente
504 1033 673 1100 voluntaria,
712 1033 760 1085 uia
787 1033 924 1087 destinato

86 1098 141 1167 ilio,
158 1100 278 1153 scienter
295 1106 324 1154 et
341 1101 466 1154 volenter
478 1102 665 1155 committitur.
722 1101 806 1154 icitur
823 1109 846 1156 4.
860 1118 925 1154 con·

86 1169 160 1221 utiam
178 1175 306 1236 vastans,
326 1169 361 1222 ah
384 1168 497 1235 edecta,
523 1170 589 1239 quia
612 1175 709 1223 contra
727 1170 924 1224 conscientiam

86 1252 102 1289 o
124 1237 274 1292 voluntatis
300 1254 415 1291 assensu
437 1239 605 1307 perfectum,
640 1240 755 1292 eandem
782 1245 874 1292 vastat
896 1243 925 1291 et

86 1305 146 1360 iat.=
180 1305 292 1359 Dicitur
326 1306 445 1376 denique
485 1314 506 1361 5.
539 1312 685 1377 peccatum
718 1323 837 1376 peccans
867 1306 923 1360 κατ’

86 1371 124 1441 ἦν,
141 1380 290 1444 metonym.
309 1375 430 1444 itemque
449 1383 615 1446 comparate,
636 1376 701 1446 quia
720 1393 786 1446 prae
806 1376 867 1430 aliis
880 1393 924 1430 ex-

87 1447 140 1497 tet
156 1443 337 1513 conspicuum
356 1449 417 1510 est.)

130 1563 178 1628 18.
227 1563 310 1641 Quid
330 1577 373 1627 est
387 1577 552 1648 peccatam
573 1565 813 1650 ooo-repuens?

102 1663 160 1726 Est
189 1664 277 1747 quod
309 1665 344 1726 in
370 1665 487 1728 renatis
517 1665 638 1747 absque
668 1666 843 1729 deliberato
869 1662 931 1729 vo-‘

86 1747 146 1810 latis
170 1748 302 1812 assensu
326 1749 497 1825 suboritur,
519 1750 571 1813 cui
592 1765 699 1813 tamen
720 1751 835 1814 virtute
851 1749 925 1834 Spi-

86 1853 98 1894 s
117 1834 217 1897 sancti
237 1833 403 1911 resistunt,
431 1856 491 1898 nec
518 1835 677 1899 desideria
705 1835 808 1899 carnis
830 1834 925 1920 perfi-

86 1927 112 1982 rt.
159 1920 288 1982 Dicitur
318 1920 407 2003 culpo
435 1931 601 2005 peccatum
631 1920 770 1996 veniale,
797 1924 926 2005 itemque

86 2002 272 2079 lunanum,
293 2003 518 2088 non-peccans.

91 2119 255 2188 (Descriptio
272 2120 341 2174 haec
359 2121 451 2187 relata
468 2120 505 2174 ad
525 2120 737 2189 praecedentem
754 2121 863 2188 peccati
883 2138 924 2175 re·

86 2188 136 2256 rtis,
155 2189 303 2259 desumpta
329 2196 371 2243 est
395 2206 412 2242 a
430 2188 574 2242 contrariis
598 2188 719 2256 subjecti
737 2188 925 2244 inhaerentiae

86 2257 136 2323 tis,
169 2259 374 2328 eorundemque
397 2259 478 2313 modo
509 2275 594 2311 causa
617 2257 754 2311 efficiente
776 2259 926 2327 adjuvante

86 2333 163 2379 erato.
206 2326 335 2380 Habetur
358 2331 453 2380 autem
474 2329 553 2380 Rom.
572 2330 602 2389 6,
627 2330 671 2380 12.
696 2330 737 2378 11.
762 2326 828 2381 item
858 2330 923 2382 (iul.

86 2396 105 2448 7.
138 2394 251 2447 Dicitur
271 2401 292 2449 l.
311 2411 498 2465 non-regnans
517 2395 553 2448 ab
572 2393 680 2459 effect0,
698 2394 765 2465 quia
782 2397 811 2448 in
822 2396 925 2450 renatis

91 2471 200 2532 regnat,
227 2464 276 2517 sed
301 2480 364 2517 caro
381 2464 576 2533 praevaricans
604 2480 620 2516 a
639 2463 743 2543 Spiritu
760 2466 927 2534 reprimitur,

86 2546 109 2584 re
133 2532 294 2610 praevalere
317 2539 414 2601 queat,
438 2532 590 2586 cohibetur.
629 2530 741 2585 D1citur
768 2539 790 2588 2.
809 2534 926 2602 veniale,

94 2607 198 2654 rat1one
225 2600 371 2654 efficientis
393 2618 444 2670 per
460 2618 504 2669 se,
530 2599 609 2670 quasi
627 2601 737 2654 veniam
755 2618 806 2670 per
824 2620 854 2656 se
872 2619 927 2656 me-

86 2684 127 2734 ur,
145 2686 235 2739 neque
253 2669 360 2723 ratione
379 2670 522 2738 qualitatis
533 2669 652 2733 nativae,
671 2669 751 2739 quasi
766 2687 817 2722 sua
826 2673 927 2723 natura

86 2736 124 2790 ale
141 2737 189 2803 sit,
221 2739 328 2790 nullum
346 2739 418 2791 enim
436 2744 597 2808 peecatum,
625 2739 708 2791 etiam
726 2737 877 2804 minimum,
897 2741 926 2792 in

86 2805 188 2873 'eniale,
207 2811 249 2858 cst
267 2807 340 2860 enirn
358 2805 471 2879 ἀνομία,
484 2812 509 2861 1.
521 2808 587 2860 Joh.
602 2810 628 2870 3,
642 2810 675 2872 d,
693 2807 742 2858 sed
762 2807 797 2860 ab
816 2812 925 2874 eventu,

86 2875 278 2927 lcredentibus
297 2892 330 2929 ex
347 2874 401 2927 Dei
421 2876 512 2944 gratia
530 2875 692 2940 remittitur,
714 2892 764 2943 pro
785 2882 827 2928 ter
847 2876 924 2928 Chri·

86 2957 107 3008 r,
132 2958 183 2995 nec
209 2943 245 2996 ad
271 2944 527 2998 condemnationem
553 2943 714 3012 imputatur.
786 2950 853 3012 tque
878 2945 926 3011 sic,

86 3007 99 3060 d
113 3028 161 3064 sua
178 3019 279 3064 natura
296 3019 324 3065 et
340 3030 390 3080 per
407 3030 437 3066 se
454 3012 569 3066 mortale
587 3017 643 3078 est,
660 3012 763 3065 renatis
782 3029 816 3065 ex
835 3014 927 3081 gratia

86 3114 89 3137 .
105 3077 166 3131 dum
184 3081 365 3147 condonatur,
384 3079 417 3133 fit
433 3081 551 3145 veniale,
565 3082 647 3149 juxta
664 3079 734 3132 illud
752 3082 831 3133 Rom.
851 3085 875 3149 8,
894 3086 924 3133 1:

86 3142 109 3197 la
125 3154 164 3200 est
181 3149 375 3202 condemnatio
397 3155 449 3203 etc.
485 3149 596 3202 Dicitur
615 3155 637 3202 3.
661 3147 889 3219 involuntarium,
909 3167 927 3203 a

86 3226 110 3266 sa
125 3215 266 3279 efficiente,
286 3218 352 3286 quia
371 3218 424 3286 piis
436 3217 617 3271 inscientibus
633 3233 685 3269 nec
695 3218 859 3282 volentibus,
878 3219 928 3273 sed

86 3286 219 3339 rcuntibus
232 3287 364 3355 surrepit:
387 3287 461 3356 quod
475 3287 547 3349 nolo,
565 3287 668 3339 malum
680 3302 741 3355 ago,
759 3288 838 3343 Rom.
852 3291 927 3356 7,19.
957 3316 1024 3544 ¹
