<?xml version="1.0" encoding="UTF-8"?>
<!DOCTYPE html PUBLIC "-//W3C//DTD XHTML 1.0 Transitional//EN"
    "http://www.w3.org/TR/xhtml1/DTD/xhtml1-transitional.dtd">
<html xmlns="http://www.w3.org/1999/xhtml" xml:lang="en" lang="en">
 <head>
  <title>
</title>
<meta http-equiv="Content-Type" content="text/html;charset=utf-8" />
  <meta name='ocr-system' content='tesseract 3.04.00' />
  <meta name='ocr-capabilities' content='ocr_page ocr_carea ocr_par ocr_line ocrx_word'/>
</head>
<body>
  <div class='ocr_page' id='page_1' title='image "./dconradidieteri00dietgoog_0269.png"; bbox 0 0 2250 3772; ppageno 0'>
   <div class='ocr_carea' id='block_1_1' title="bbox 219 231 995 318">
    <p class='ocr_par' dir='ltr' id='par_1_1' title="bbox 219 231 995 318">
     <span class='ocr_line' id='line_1_1' title="bbox 219 231 995 318; baseline -0.006 -19"><span class='ocrx_word' id='word_1_1' title='bbox 219 233 282 299; x_wconf 80' lang='lat'>236</span> <span class='ocrx_word' id='word_1_2' title='bbox 355 232 460 318; x_wconf 85' lang='lat' dir='ltr'>Caput</span> <span class='ocrx_word' id='word_1_3' title='bbox 478 234 521 297; x_wconf 88' lang='lat'>11.</span> <span class='ocrx_word' id='word_1_4' title='bbox 566 232 618 297; x_wconf 91' lang='lat' dir='ltr'>De</span> <span class='ocrx_word' id='word_1_5' title='bbox 641 232 790 316; x_wconf 90' lang='lat' dir='ltr'>symbolo</span> <span class='ocrx_word' id='word_1_6' title='bbox 813 231 995 318; x_wconf 78' lang='lat' dir='ltr'>apostolico.</span> 
     </span>
    </p>
   </div>
   <div class='ocr_carea' id='block_1_2' title="bbox 218 392 1055 552">
    <p class='ocr_par' dir='ltr' id='par_1_2' title="bbox 218 392 1055 552">
     <span class='ocr_line' id='line_1_2' title="bbox 220 392 1055 550; baseline -0.004 -85"><span class='ocrx_word' id='word_1_7' title='bbox 220 402 261 465; x_wconf 85' lang='lat' dir='ltr'>ab</span> <span class='ocrx_word' id='word_1_8' title='bbox 284 402 431 550; x_wconf 34' lang='lat' dir='ltr'>erp-nibus</span> <span class='ocrx_word' id='word_1_9' title='bbox 453 403 545 466; x_wconf 84' lang='lat' dir='ltr'>melis</span> <span class='ocrx_word' id='word_1_10' title='bbox 572 403 696 466; x_wconf 87' lang='lat' dir='ltr'>animae</span> <span class='ocrx_word' id='word_1_11' title='bbox 722 423 760 466; x_wconf 89' lang='lat' dir='ltr'>ac</span> <span class='ocrx_word' id='word_1_12' title='bbox 787 402 931 488; x_wconf 80' lang='lat' dir='ltr'>corporis</span> <span class='ocrx_word' id='word_1_13' title='bbox 957 392 1055 465; x_wconf 78' lang='lat' dir='ltr'>liberet</span> 
     </span>
     <span class='ocr_line' id='line_1_3' title="bbox 218 499 468 552; baseline -0.004 -1"><span class='ocrx_word' id='word_1_14' title='bbox 218 499 308 552; x_wconf 85' lang='lat' dir='ltr'>custo</span> <span class='ocrx_word' id='word_1_15' title='bbox 331 499 385 551; x_wconf 89' lang='lat' dir='ltr'>rat.</span> <span class='ocrx_word' id='word_1_16' title='bbox 464 532 468 541; x_wconf 84' lang='lat'><em>·</em></span> 
     </span>
    </p>
   </div>
   <div class='ocr_carea' id='block_1_3' title="bbox 243 614 1070 689">
    <p class='ocr_par' dir='ltr' id='par_1_3' title="bbox 243 614 1070 689">
     <span class='ocr_line' id='line_1_4' title="bbox 243 614 1070 689; baseline -0.011 -1"><span class='ocrx_word' id='word_1_17' title='bbox 243 623 273 689; x_wconf 88' lang='lat'>8.</span> <span class='ocrx_word' id='word_1_18' title='bbox 322 623 386 687; x_wconf 81' lang='lat' dir='ltr'>Cor</span> <span class='ocrx_word' id='word_1_19' title='bbox 405 625 519 687; x_wconf 73' lang='lat' dir='ltr'>isthaec</span> <span class='ocrx_word' id='word_1_20' title='bbox 539 624 667 686; x_wconf 82' lang='lat' dir='ltr'>articulo</span> <span class='ocrx_word' id='word_1_21' title='bbox 691 623 854 685; x_wconf 74' lang='lat' dir='ltr'><em>creationis</em></span> <span class='ocrx_word' id='word_1_22' title='bbox 875 614 1070 687; x_wconf 78' lang='lat' dir='ltr'>orsoectorturi</span> 
     </span>
    </p>
   </div>
   <div class='ocr_carea' id='block_1_4' title="bbox 215 715 1070 1065">
    <p class='ocr_par' dir='ltr' id='par_1_4' title="bbox 215 715 1070 1065">
     <span class='ocr_line' id='line_1_5' title="bbox 302 715 1070 803; baseline -0.004 -15"><span class='ocrx_word' id='word_1_23' title='bbox 302 722 390 803; x_wconf 77' lang='lat' dir='ltr'>Quia</span> <span class='ocrx_word' id='word_1_24' title='bbox 409 723 502 788; x_wconf 89' lang='lat' dir='ltr'>Deus</span> <span class='ocrx_word' id='word_1_25' title='bbox 524 724 564 787; x_wconf 88' lang='lat' dir='ltr'>ab</span> <span class='ocrx_word' id='word_1_26' title='bbox 587 745 606 786; x_wconf 95' lang='lat'>0</span> <span class='ocrx_word' id='word_1_27' title='bbox 630 722 713 787; x_wconf 90' lang='lat' dir='ltr'>ificio</span> <span class='ocrx_word' id='word_1_28' title='bbox 736 743 794 784; x_wconf 89' lang='lat' dir='ltr'>suo</span> <span class='ocrx_word' id='word_1_29' title='bbox 816 742 883 785; x_wconf 92' lang='lat' dir='ltr'>non</span> <span class='ocrx_word' id='word_1_30' title='bbox 903 721 1001 786; x_wconf 88' lang='lat' dir='ltr'>veluti</span> <span class='ocrx_word' id='word_1_31' title='bbox 1022 715 1070 785; x_wconf 78' lang='lat' dir='ltr'>ard</span> 
     </span>
     <span class='ocr_line' id='line_1_6' title="bbox 217 746 1070 897; baseline -0.005 -25"><span class='ocrx_word' id='word_1_32' title='bbox 217 817 319 872; x_wconf 85' lang='lat' dir='ltr'>tectus</span> <span class='ocrx_word' id='word_1_33' title='bbox 347 809 388 872; x_wconf 86' lang='lat' dir='ltr'>ab</span> <span class='ocrx_word' id='word_1_34' title='bbox 419 820 579 872; x_wconf 83' lang='lat' dir='ltr'>exstructa</span> <span class='ocrx_word' id='word_1_35' title='bbox 599 746 695 872; x_wconf 59' lang='lat' dir='ltr'>‹fomo</span> <span class='ocrx_word' id='word_1_36' title='bbox 723 805 877 882; x_wconf 80' lang='lat' dir='ltr'>secessit3</span> <span class='ocrx_word' id='word_1_37' title='bbox 907 808 966 872; x_wconf 89' lang='lat' dir='ltr'>sed</span> <span class='ocrx_word' id='word_1_38' title='bbox 981 828 1028 871; x_wconf 92' lang='lat' dir='ltr'>res</span> <span class='ocrx_word' id='word_1_39' title='bbox 1046 826 1070 897; x_wconf 69' lang='lat' dir='ltr'>t⁴</span> 
     </span>
     <span class='ocr_line' id='line_1_7' title="bbox 215 890 1070 977; baseline -0.005 -20"><span class='ocrx_word' id='word_1_40' title='bbox 215 904 337 957; x_wconf 84' lang='lat' dir='ltr'>creatas</span> <span class='ocrx_word' id='word_1_41' title='bbox 367 893 454 958; x_wconf 87' lang='lat' dir='ltr'>fovet</span> <span class='ocrx_word' id='word_1_42' title='bbox 511 905 685 977; x_wconf 79' lang='lat' dir='ltr'>eternaque</span> <span class='ocrx_word' id='word_1_43' title='bbox 713 913 771 954; x_wconf 88' lang='lat' dir='ltr'>sua</span> <span class='ocrx_word' id='word_1_44' title='bbox 801 890 1001 976; x_wconf 86' lang='lat' dir='ltr'>providentia</span> <span class='ocrx_word' id='word_1_45' title='bbox 1017 906 1070 954; x_wconf 82' lang='lat' dir='ltr'>mot</span> 
     </span>
     <span class='ocr_line' id='line_1_8' title="bbox 216 917 610 1065; baseline -0.003 -24"><span class='ocrx_word' id='word_1_46' title='bbox 216 987 304 1042; x_wconf 87' lang='lat' dir='ltr'>ratur</span> <span class='ocrx_word' id='word_1_47' title='bbox 326 991 421 1062; x_wconf 89' lang='lat' dir='ltr'>atque</span> <span class='ocrx_word' id='word_1_48' title='bbox 443 917 610 1065; x_wconf 62' lang='lat' dir='ltr'>guEernat.</span> 
     </span>
    </p>
   </div>
   <div class='ocr_carea' id='block_1_5' title="bbox 208 1093 1070 1305">
    <p class='ocr_par' dir='ltr' id='par_1_5' title="bbox 208 1093 1070 1305">
     <span class='ocr_line' id='line_1_9' title="bbox 208 1093 1070 1175; baseline -0.005 -24"><span class='ocrx_word' id='word_1_49' title='bbox 208 1096 211 1103; x_wconf 83' lang='grc'><strong><em>’</em></strong></span> <span class='ocrx_word' id='word_1_50' title='bbox 286 1096 379 1163; x_wconf 87' lang='lat' dir='ltr'>(Ratio</span> <span class='ocrx_word' id='word_1_51' title='bbox 398 1095 435 1151; x_wconf 86' lang='lat' dir='ltr'>sb</span> <span class='ocrx_word' id='word_1_52' title='bbox 452 1096 588 1175; x_wconf 77' lang='lat' dir='ltr'>adjuncta</span> <span class='ocrx_word' id='word_1_53' title='bbox 603 1094 657 1175; x_wconf 67' lang='lat' dir='ltr'>Dei</span> <span class='ocrx_word' id='word_1_54' title='bbox 674 1101 791 1164; x_wconf 81' lang='lat' dir='ltr'>paterna</span> <span class='ocrx_word' id='word_1_55' title='bbox 807 1110 883 1175; x_wconf 76' lang='lat' dir='ltr'>cura,</span> <span class='ocrx_word' id='word_1_56' title='bbox 899 1111 951 1175; x_wconf 81' lang='lat' dir='ltr'>per</span> <span class='ocrx_word' id='word_1_57' title='bbox 969 1093 1070 1174; x_wconf 53' lang='lat' dir='ltr'>illustri</span> 
     </span>
     <span class='ocr_line' id='line_1_10' title="bbox 216 1163 1070 1235; baseline -0.009 -17"><span class='ocrx_word' id='word_1_58' title='bbox 216 1183 281 1220; x_wconf 89' lang='lat' dir='ltr'>uem</span> <span class='ocrx_word' id='word_1_59' title='bbox 301 1183 318 1218; x_wconf 91' lang='lat' dir='ltr'>a</span> <span class='ocrx_word' id='word_1_60' title='bbox 336 1166 501 1235; x_wconf 86' lang='lat' dir='ltr'>comparatis</span> <span class='ocrx_word' id='word_1_61' title='bbox 518 1163 705 1219; x_wconf 85' lang='lat' dir='ltr'>drssrmrhbus.</span> <span class='ocrx_word' id='word_1_62' title='bbox 742 1164 855 1216; x_wconf 79' lang='lat' dir='ltr'>Errant</span> <span class='ocrx_word' id='word_1_63' title='bbox 875 1169 971 1234; x_wconf 77' lang='lat' dir='ltr'>igitur,</span> <span class='ocrx_word' id='word_1_64' title='bbox 988 1178 1034 1233; x_wconf 89' lang='lat' dir='ltr'>qm</span> <span class='ocrx_word' id='word_1_65' title='bbox 1044 1174 1070 1213; x_wconf 88' lang='lat' dir='ltr'>m</span> 
     </span>
     <span class='ocr_line' id='line_1_11' title="bbox 216 1226 1070 1305; baseline -0.008 -17"><span class='ocrx_word' id='word_1_66' title='bbox 216 1234 283 1288; x_wconf 89' lang='lat' dir='ltr'>dum</span> <span class='ocrx_word' id='word_1_67' title='bbox 299 1234 391 1305; x_wconf 92' lang='lat' dir='ltr'>ipsum</span> <span class='ocrx_word' id='word_1_68' title='bbox 407 1233 598 1288; x_wconf 89' lang='lat' dir='ltr'>tantummodo</span> <span class='ocrx_word' id='word_1_69' title='bbox 616 1231 707 1286; x_wconf 87' lang='lat' dir='ltr'>aDeo</span> <span class='ocrx_word' id='word_1_70' title='bbox 718 1231 834 1301; x_wconf 84' lang='lat' dir='ltr'>factum,</span> <span class='ocrx_word' id='word_1_71' title='bbox 849 1238 962 1286; x_wconf 85' lang='lat' dir='ltr'>caetera</span> <span class='ocrx_word' id='word_1_72' title='bbox 976 1246 1045 1292; x_wconf 84' lang='lat' dir='ltr'>vero,</span> <span class='ocrx_word' id='word_1_73' title='bbox 1058 1226 1070 1281; x_wconf 90' lang='lat'><em>1</em></span> 
     </span>
    </p>
   </div>
   <div class='ocr_carea' id='block_1_6' title="bbox 214 1300 1070 1493">
    <p class='ocr_par' dir='ltr' id='par_1_6' title="bbox 214 1300 1070 1493">
     <span class='ocr_line' id='line_1_12' title="bbox 215 1300 1070 1373; baseline -0.006 -16"><span class='ocrx_word' id='word_1_74' title='bbox 215 1304 302 1358; x_wconf 87' lang='lat' dir='ltr'>otiose</span> <span class='ocrx_word' id='word_1_75' title='bbox 321 1303 528 1373; x_wconf 73' lang='lat' dir='ltr'>requiescente,</span> <span class='ocrx_word' id='word_1_76' title='bbox 542 1303 601 1371; x_wconf 88' lang='lat' dir='ltr'>jam</span> <span class='ocrx_word' id='word_1_77' title='bbox 621 1301 657 1356; x_wconf 87' lang='lat' dir='ltr'>ab</span> <span class='ocrx_word' id='word_1_78' title='bbox 675 1300 736 1370; x_wconf 93' lang='lat' dir='ltr'>ipso</span> <span class='ocrx_word' id='word_1_79' title='bbox 754 1301 859 1355; x_wconf 90' lang='lat' dir='ltr'>mundo</span> <span class='ocrx_word' id='word_1_80' title='bbox 875 1300 938 1355; x_wconf 85' lang='lat' dir='ltr'>fieri</span> <span class='ocrx_word' id='word_1_81' title='bbox 956 1305 1070 1354; x_wconf 64' lang='lat' dir='ltr'>summm</span> 
     </span>
     <span class='ocr_line' id='line_1_13' title="bbox 214 1367 1070 1493; baseline -0.007 -66"><span class='ocrx_word' id='word_1_82' title='bbox 214 1371 288 1427; x_wconf 90' lang='lat' dir='ltr'>Vide</span> <span class='ocrx_word' id='word_1_83' title='bbox 305 1374 425 1493; x_wconf 56' lang='lat' dir='ltr'>stuperet.</span> <span class='ocrx_word' id='word_1_84' title='bbox 444 1372 461 1424; x_wconf 93' lang='lat' dir='ltr'>l.</span> <span class='ocrx_word' id='word_1_85' title='bbox 481 1378 505 1425; x_wconf 85' lang='lat'>5.</span> <span class='ocrx_word' id='word_1_86' title='bbox 524 1370 559 1424; x_wconf 86' lang='lat' dir='ltr'>de</span> <span class='ocrx_word' id='word_1_87' title='bbox 577 1369 647 1425; x_wconf 84' lang='lat' dir='ltr'>Gen.</span> <span class='ocrx_word' id='word_1_88' title='bbox 665 1370 702 1424; x_wconf 82' lang='lat' dir='ltr'>ad</span> <span class='ocrx_word' id='word_1_89' title='bbox 720 1369 761 1424; x_wconf 86' lang='lat' dir='ltr'>lit.</span> <span class='ocrx_word' id='word_1_90' title='bbox 781 1387 804 1424; x_wconf 83' lang='lat' dir='ltr'>c.</span> <span class='ocrx_word' id='word_1_91' title='bbox 824 1376 864 1425; x_wconf 73' lang='lat'>20.</span> <span class='ocrx_word' id='word_1_92' title='bbox 881 1376 901 1425; x_wconf 87' lang='lat' dir='ltr'>t.</span> <span class='ocrx_word' id='word_1_93' title='bbox 921 1375 946 1424; x_wconf 84' lang='lat'>3.</span> <span class='ocrx_word' id='word_1_94' title='bbox 963 1367 1014 1423; x_wconf 78' lang='lat' dir='ltr'>coL</span> <span class='ocrx_word' id='word_1_95' title='bbox 1026 1372 1070 1421; x_wconf 74' lang='grc'>576</span> 
     </span>
    </p>
   </div>
   <div class='ocr_carea' id='block_1_7' title="bbox 209 1437 1070 1855">
    <p class='ocr_par' dir='ltr' id='par_1_7' title="bbox 209 1437 1070 1855">
     <span class='ocr_line' id='line_1_14' title="bbox 216 1437 1070 1511; baseline -0.007 -16"><span class='ocrx_word' id='word_1_96' title='bbox 216 1440 328 1508; x_wconf 79' lang='lat' dir='ltr'>Contra,</span> <span class='ocrx_word' id='word_1_97' title='bbox 371 1445 432 1493; x_wconf 88' lang='lat' dir='ltr'>ater</span> <span class='ocrx_word' id='word_1_98' title='bbox 450 1456 538 1511; x_wconf 88' lang='lat' dir='ltr'>usque</span> <span class='ocrx_word' id='word_1_99' title='bbox 556 1439 639 1493; x_wconf 92' lang='lat' dir='ltr'>modo</span> <span class='ocrx_word' id='word_1_100' title='bbox 657 1443 795 1508; x_wconf 87' lang='lat' dir='ltr'>operatur,</span> <span class='ocrx_word' id='word_1_101' title='bbox 813 1439 879 1492; x_wconf 79' lang='lat' dir='ltr'>Jot.</span> <span class='ocrx_word' id='word_1_102' title='bbox 899 1442 925 1506; x_wconf 78' lang='lat'>5,</span> <span class='ocrx_word' id='word_1_103' title='bbox 945 1440 988 1503; x_wconf 88' lang='grc'>17,</span> <span class='ocrx_word' id='word_1_104' title='bbox 1005 1437 1070 1491; x_wconf 81' lang='lat' dir='ltr'>datr</span> 
     </span>
     <span class='ocr_line' id='line_1_15' title="bbox 215 1502 1070 1577; baseline -0.001 -16"><span class='ocrx_word' id='word_1_105' title='bbox 215 1508 298 1563; x_wconf 88' lang='lat' dir='ltr'>nibus</span> <span class='ocrx_word' id='word_1_106' title='bbox 316 1508 417 1577; x_wconf 86' lang='lat' dir='ltr'>omnia,</span> <span class='ocrx_word' id='word_1_107' title='bbox 438 1509 501 1563; x_wconf 86' lang='lat' dir='ltr'>Act.</span> <span class='ocrx_word' id='word_1_108' title='bbox 520 1511 562 1575; x_wconf 87' lang='lat'>17,</span> <span class='ocrx_word' id='word_1_109' title='bbox 582 1511 628 1576; x_wconf 76' lang='lat'>25,</span> <span class='ocrx_word' id='word_1_110' title='bbox 648 1506 678 1560; x_wconf 91' lang='lat' dir='ltr'>in</span> <span class='ocrx_word' id='word_1_111' title='bbox 698 1507 707 1560; x_wconf 90' lang='lat' dir='ltr'>i</span> <span class='ocrx_word' id='word_1_112' title='bbox 728 1524 758 1560; x_wconf 89' lang='lat' dir='ltr'>so</span> <span class='ocrx_word' id='word_1_113' title='bbox 775 1507 902 1570; x_wconf 85' lang='lat' dir='ltr'>vivimus,</span> <span class='ocrx_word' id='word_1_114' title='bbox 918 1506 986 1561; x_wconf 84' lang='lat' dir='ltr'>ibid</span> <span class='ocrx_word' id='word_1_115' title='bbox 1003 1511 1041 1573; x_wconf 81' lang='lat'>28,</span> <span class='ocrx_word' id='word_1_116' title='bbox 1060 1502 1070 1572; x_wconf 67' lang='lat' dir='ltr'>i</span> 
     </span>
     <span class='ocr_line' id='line_1_16' title="bbox 216 1576 1070 1645; baseline -0.007 -14"><span class='ocrx_word' id='word_1_117' title='bbox 216 1593 272 1631; x_wconf 91' lang='lat' dir='ltr'>non</span> <span class='ocrx_word' id='word_1_118' title='bbox 290 1577 429 1643; x_wconf 87' lang='lat' dir='ltr'>dormitat,</span> <span class='ocrx_word' id='word_1_119' title='bbox 448 1577 528 1633; x_wconf 76' lang='lat' dir='ltr'>Psoi.</span> <span class='ocrx_word' id='word_1_120' title='bbox 547 1580 609 1645; x_wconf 87' lang='lat'>121,</span> <span class='ocrx_word' id='word_1_121' title='bbox 628 1580 651 1630; x_wconf 78' lang='grc'>4.</span> <span class='ocrx_word' id='word_1_122' title='bbox 712 1577 769 1629; x_wconf 80' lang='lat' dir='ltr'>icat</span> <span class='ocrx_word' id='word_1_123' title='bbox 786 1577 858 1629; x_wconf 68' lang='lat' dir='ltr'>nitri</span> <span class='ocrx_word' id='word_1_124' title='bbox 875 1576 987 1642; x_wconf 78' lang='lat' dir='ltr'>factura</span> <span class='ocrx_word' id='word_1_125' title='bbox 1005 1582 1070 1639; x_wconf 73' lang='lat' dir='ltr'>ectr</span> 
     </span>
     <span class='ocr_line' id='line_1_17' title="bbox 213 1644 1070 1715; baseline -0.007 -16"><span class='ocrx_word' id='word_1_126' title='bbox 213 1663 266 1715; x_wconf 68' lang='lat' dir='ltr'>per</span> <span class='ocrx_word' id='word_1_127' title='bbox 287 1647 451 1698; x_wconf 78' lang='lat' dir='ltr'>creatricem</span> <span class='ocrx_word' id='word_1_128' title='bbox 463 1654 606 1713; x_wconf 80' lang='lat' dir='ltr'>potentem</span> <span class='ocrx_word' id='word_1_129' title='bbox 622 1646 784 1713; x_wconf 71' lang='lat' dir='ltr'>essentiam,</span> <span class='ocrx_word' id='word_1_130' title='bbox 809 1646 851 1698; x_wconf 83' lang='lat' dir='ltr'>ito</span> <span class='ocrx_word' id='word_1_131' title='bbox 876 1644 949 1697; x_wconf 66' lang='lat' dir='ltr'>nitri</span> <span class='ocrx_word' id='word_1_132' title='bbox 968 1647 1070 1714; x_wconf 61' lang='lat' dir='ltr'>cira·</span> 
     </span>
     <span class='ocr_line' id='line_1_18' title="bbox 234 1712 1070 1782; baseline -0.002 -15"><span class='ocrx_word' id='word_1_133' title='bbox 234 1731 265 1768; x_wconf 90' lang='lat' dir='ltr'>cr</span> <span class='ocrx_word' id='word_1_134' title='bbox 286 1715 414 1782; x_wconf 81' lang='lat' dir='ltr'>ejusdcm</span> <span class='ocrx_word' id='word_1_135' title='bbox 431 1714 610 1767; x_wconf 69' lang='lat' dir='ltr'>servatricem</span> <span class='ocrx_word' id='word_1_136' title='bbox 624 1714 795 1781; x_wconf 71' lang='lat' dir='ltr'>potentiam,</span> <span class='ocrx_word' id='word_1_137' title='bbox 821 1713 965 1768; x_wconf 75' lang='lat' dir='ltr'>Artakelm.</span> <span class='ocrx_word' id='word_1_138' title='bbox 984 1712 1014 1766; x_wconf 92' lang='lat' dir='ltr'>in</span> <span class='ocrx_word' id='word_1_139' title='bbox 1029 1727 1070 1765; x_wconf 83' lang='lat' dir='ltr'>mo</span> 
     </span>
     <span class='ocr_line' id='line_1_19' title="bbox 209 1733 622 1855; baseline -0.002 -18"><span class='ocrx_word' id='word_1_140' title='bbox 209 1733 269 1855; x_wconf 57' lang='lat' dir='ltr'>sog.</span> <span class='ocrx_word' id='word_1_141' title='bbox 289 1800 312 1838; x_wconf 88' lang='lat' dir='ltr'>c.</span> <span class='ocrx_word' id='word_1_142' title='bbox 333 1789 372 1837; x_wconf 83' lang='lat'>12.</span> <span class='ocrx_word' id='word_1_143' title='bbox 392 1792 410 1838; x_wconf 88' lang='lat' dir='ltr'>t.</span> <span class='ocrx_word' id='word_1_144' title='bbox 430 1789 454 1837; x_wconf 91' lang='lat'>3.</span> <span class='ocrx_word' id='word_1_145' title='bbox 472 1783 522 1837; x_wconf 91' lang='lat' dir='ltr'>col.</span> <span class='ocrx_word' id='word_1_146' title='bbox 544 1790 557 1836; x_wconf 79' lang='lat' dir='ltr'>t</span> <span class='ocrx_word' id='word_1_147' title='bbox 575 1783 622 1849; x_wconf 84' lang='lat' dir='ltr'>A.)</span> 
     </span>
    </p>
   </div>
   <div class='ocr_carea' id='block_1_8' title="bbox 213 1909 1070 2180">
    <p class='ocr_par' dir='ltr' id='par_1_8' title="bbox 213 1909 1070 2180">
     <span class='ocr_line' id='line_1_20' title="bbox 312 1909 1026 1995; baseline -0.004 -20"><span class='ocrx_word' id='word_1_148' title='bbox 312 1912 341 1977; x_wconf 84' lang='lat'>9.</span> <span class='ocrx_word' id='word_1_149' title='bbox 391 1911 474 1990; x_wconf 75' lang='lat' dir='ltr'>Quid</span> <span class='ocrx_word' id='word_1_150' title='bbox 495 1914 589 1995; x_wconf 75' lang='lat' dir='ltr'>iqitrrr</span> <span class='ocrx_word' id='word_1_151' title='bbox 611 1924 654 1974; x_wconf 87' lang='lat' dir='ltr'>est</span> <span class='ocrx_word' id='word_1_152' title='bbox 674 1910 876 1995; x_wconf 86' lang='lat' dir='ltr'>providentia</span> <span class='ocrx_word' id='word_1_153' title='bbox 896 1909 1026 1973; x_wconf 80' lang='lat' dir='ltr'>divina?</span> 
     </span>
     <span class='ocr_line' id='line_1_21' title="bbox 300 2011 1070 2094; baseline -0.005 -18"><span class='ocrx_word' id='word_1_154' title='bbox 300 2013 361 2076; x_wconf 86' lang='lat' dir='ltr'>Est</span> <span class='ocrx_word' id='word_1_155' title='bbox 383 2012 467 2076; x_wconf 86' lang='lat' dir='ltr'>actio</span> <span class='ocrx_word' id='word_1_156' title='bbox 489 2011 564 2088; x_wconf 88' lang='lat' dir='ltr'>Dei,</span> <span class='ocrx_word' id='word_1_157' title='bbox 596 2034 660 2094; x_wconf 87' lang='lat' dir='ltr'>qua</span> <span class='ocrx_word' id='word_1_158' title='bbox 681 2035 731 2075; x_wconf 87' lang='lat' dir='ltr'>res</span> <span class='ocrx_word' id='word_1_159' title='bbox 752 2012 917 2076; x_wconf 84' lang='lat' dir='ltr'>universas</span> <span class='ocrx_word' id='word_1_160' title='bbox 944 2035 964 2075; x_wconf 86' lang='lat' dir='ltr'>a</span> <span class='ocrx_word' id='word_1_161' title='bbox 984 2033 1017 2075; x_wconf 86' lang='lat' dir='ltr'>ee</span> <span class='ocrx_word' id='word_1_162' title='bbox 1035 2030 1070 2073; x_wconf 80' lang='lat' dir='ltr'>cn</span> 
     </span>
     <span class='ocr_line' id='line_1_22' title="bbox 213 2094 1070 2180; baseline -0.006 -22"><span class='ocrx_word' id='word_1_163' title='bbox 213 2107 262 2159; x_wconf 85' lang='lat' dir='ltr'>tas</span> <span class='ocrx_word' id='word_1_164' title='bbox 289 2096 394 2160; x_wconf 90' lang='lat' dir='ltr'>insui</span> <span class='ocrx_word' id='word_1_165' title='bbox 420 2096 558 2160; x_wconf 87' lang='lat' dir='ltr'>nominis</span> <span class='ocrx_word' id='word_1_166' title='bbox 579 2096 715 2180; x_wconf 85' lang='lat' dir='ltr'>gloriam</span> <span class='ocrx_word' id='word_1_167' title='bbox 745 2114 776 2161; x_wconf 88' lang='lat' dir='ltr'>et</span> <span class='ocrx_word' id='word_1_168' title='bbox 806 2097 964 2161; x_wconf 92' lang='lat' dir='ltr'>bonorum</span> <span class='ocrx_word' id='word_1_169' title='bbox 991 2094 1070 2159; x_wconf 81' lang='lat' dir='ltr'>salut</span> 
     </span>
    </p>
   </div>
   <div class='ocr_carea' id='block_1_9' title="bbox 211 2180 1052 2349">
    <p class='ocr_par' dir='ltr' id='par_1_9' title="bbox 211 2180 1052 2349">
     <span class='ocr_line' id='line_1_23' title="bbox 213 2180 1052 2327; baseline 0.004 -85"><span class='ocrx_word' id='word_1_170' title='bbox 213 2180 323 2327; x_wconf 55' lang='lat' dir='ltr'>libgre,</span> <span class='ocrx_word' id='word_1_171' title='bbox 345 2181 520 2266; x_wconf 80' lang='lat' dir='ltr'>sapienter,</span> <span class='ocrx_word' id='word_1_172' title='bbox 552 2192 699 2267; x_wconf 88' lang='lat' dir='ltr'>potenter</span> <span class='ocrx_word' id='word_1_173' title='bbox 727 2201 765 2246; x_wconf 87' lang='lat' dir='ltr'>ac</span> <span class='ocrx_word' id='word_1_174' title='bbox 787 2183 869 2246; x_wconf 91' lang='lat' dir='ltr'>bene</span> <span class='ocrx_word' id='word_1_175' title='bbox 893 2192 1052 2246; x_wconf 83' lang='lat' dir='ltr'>conservat</span> 
     </span>
     <span class='ocr_line' id='line_1_24' title="bbox 211 2281 379 2349; baseline 0 -21"><span class='ocrx_word' id='word_1_176' title='bbox 211 2287 256 2349; x_wconf 89' lang='lat' dir='ltr'>gu</span> <span class='ocrx_word' id='word_1_177' title='bbox 280 2281 379 2328; x_wconf 87' lang='lat' dir='ltr'>ernat.</span> 
     </span>
    </p>
   </div>
   <div class='ocr_carea' id='block_1_10' title="bbox 206 2379 1070 3349">
    <p class='ocr_par' dir='ltr' id='par_1_10' title="bbox 206 2379 1070 3349">
     <span class='ocr_line' id='line_1_25' title="bbox 281 2379 1070 2453; baseline -0.005 -16"><span class='ocrx_word' id='word_1_178' title='bbox 281 2381 446 2447; x_wconf 87' lang='lat' dir='ltr'>(Definitum</span> <span class='ocrx_word' id='word_1_179' title='bbox 466 2389 508 2436; x_wconf 91' lang='lat' dir='ltr'>est</span> <span class='ocrx_word' id='word_1_180' title='bbox 528 2384 715 2452; x_wconf 84' lang='lat' dir='ltr'>providentia,</span> <span class='ocrx_word' id='word_1_181' title='bbox 742 2401 759 2438; x_wconf 89' lang='lat' dir='ltr'>a</span> <span class='ocrx_word' id='word_1_182' title='bbox 780 2383 952 2453; x_wconf 87' lang='lat' dir='ltr'>providendo</span> <span class='ocrx_word' id='word_1_183' title='bbox 976 2385 1016 2438; x_wconf 91' lang='lat' dir='ltr'>sic</span> <span class='ocrx_word' id='word_1_184' title='bbox 1038 2379 1070 2434; x_wconf 80' lang='lat' dir='ltr'>dit</span> 
     </span>
     <span class='ocr_line' id='line_1_26' title="bbox 212 2449 1070 2526; baseline 0 -22"><span class='ocrx_word' id='word_1_185' title='bbox 212 2449 319 2505; x_wconf 82' lang='lat' dir='ltr'><strong><em>Graece</em></strong></span> <span class='ocrx_word' id='word_1_186' title='bbox 337 2452 456 2518; x_wconf 73' lang='grc' dir='ltr'><em>πρόνοια</em></span> <span class='ocrx_word' id='word_1_187' title='bbox 477 2453 554 2525; x_wconf 82' lang='grc' dir='ltr'><strong><em>παρὰ</em></strong></span> <span class='ocrx_word' id='word_1_188' title='bbox 572 2455 622 2506; x_wconf 83' lang='grc' dir='ltr'>τοῦ</span> <span class='ocrx_word' id='word_1_189' title='bbox 640 2459 774 2526; x_wconf 74' lang='grc' dir='ltr'><em>προνοέω,</em></span> <span class='ocrx_word' id='word_1_190' title='bbox 793 2469 842 2507; x_wconf 82' lang='lat' dir='ltr'>eeu</span> <span class='ocrx_word' id='word_1_191' title='bbox 859 2458 1070 2526; x_wconf 64' lang='lat' dir='ltr'>noorotopcccpt</span> 
     </span>
     <span class='ocr_line' id='line_1_27' title="bbox 210 2519 1066 2590; baseline -0.001 -17"><span class='ocrx_word' id='word_1_192' title='bbox 210 2519 293 2575; x_wconf 83' lang='lat' dir='ltr'>video</span> <span class='ocrx_word' id='word_1_193' title='bbox 312 2527 340 2576; x_wconf 88' lang='lat' dir='ltr'>et</span> <span class='ocrx_word' id='word_1_194' title='bbox 357 2537 484 2590; x_wconf 90' lang='lat' dir='ltr'>procuro.</span> <span class='ocrx_word' id='word_1_195' title='bbox 528 2527 557 2573; x_wconf 88' lang='grc'>11</span> <span class='ocrx_word' id='word_1_196' title='bbox 573 2520 653 2575; x_wconf 60' lang='lat' dir='ltr'>darona</span> <span class='ocrx_word' id='word_1_197' title='bbox 679 2520 797 2576; x_wconf 85' lang='lat' dir='ltr'>habetur</span> <span class='ocrx_word' id='word_1_198' title='bbox 821 2522 889 2590; x_wconf 79' lang='lat' dir='ltr'>Sap.</span> <span class='ocrx_word' id='word_1_199' title='bbox 909 2525 935 2589; x_wconf 80' lang='lat'>6,</span> <span class='ocrx_word' id='word_1_200' title='bbox 954 2528 970 2575; x_wconf 81' lang='lat'><em>8</em></span> <span class='ocrx_word' id='word_1_201' title='bbox 988 2528 1016 2576; x_wconf 91' lang='lat' dir='ltr'>et</span> <span class='ocrx_word' id='word_1_202' title='bbox 1030 2521 1066 2584; x_wconf 71' lang='lat' dir='ltr'>tt,</span> 
     </span>
     <span class='ocr_line' id='line_1_28' title="bbox 210 2587 1070 2660; baseline -0.005 -17"><span class='ocrx_word' id='word_1_203' title='bbox 210 2587 323 2644; x_wconf 89' lang='lat' dir='ltr'>Dicitur</span> <span class='ocrx_word' id='word_1_204' title='bbox 341 2599 369 2644; x_wconf 87' lang='lat' dir='ltr'>st</span> <span class='ocrx_word' id='word_1_205' title='bbox 386 2588 531 2656; x_wconf 87' lang='lat' dir='ltr'>ordinatio,</span> <span class='ocrx_word' id='word_1_206' title='bbox 576 2591 770 2658; x_wconf 79' lang='lat' dir='ltr'>sol.11.9,91.</span> <span class='ocrx_word' id='word_1_207' title='bbox 800 2591 874 2643; x_wconf 84' lang='lat' dir='ltr'>Item</span> <span class='ocrx_word' id='word_1_208' title='bbox 891 2590 970 2660; x_wconf 87' lang='lat' dir='ltr'>visio,</span> <span class='ocrx_word' id='word_1_209' title='bbox 988 2595 1016 2645; x_wconf 92' lang='lat' dir='ltr'>et</span> <span class='ocrx_word' id='word_1_210' title='bbox 1030 2600 1070 2659; x_wconf 89' lang='lat' dir='ltr'>pro</span> 
     </span>
     <span class='ocr_line' id='line_1_29' title="bbox 212 2653 1070 2740; baseline 0 -30"><span class='ocrx_word' id='word_1_211' title='bbox 212 2657 261 2727; x_wconf 87' lang='lat' dir='ltr'>sio,</span> <span class='ocrx_word' id='word_1_212' title='bbox 300 2657 472 2720; x_wconf 67' lang='lat' dir='ltr'>nescientia,</span> <span class='ocrx_word' id='word_1_213' title='bbox 492 2675 651 2730; x_wconf 86' lang='lat' dir='ltr'>quanquam</span> <span class='ocrx_word' id='word_1_214' title='bbox 670 2659 878 2740; x_wconf 73' lang='lat' dir='ltr'>synecdochice,</span> <span class='ocrx_word' id='word_1_215' title='bbox 897 2676 961 2713; x_wconf 91' lang='lat' dir='ltr'>cum</span> <span class='ocrx_word' id='word_1_216' title='bbox 978 2653 1070 2729; x_wconf 75' lang='lat' dir='ltr'>provio</span> 
     </span>
     <span class='ocr_line' id='line_1_30' title="bbox 209 2727 1070 2798; baseline 0.002 -17"><span class='ocrx_word' id='word_1_217' title='bbox 209 2727 251 2781; x_wconf 86' lang='lat' dir='ltr'>tia</span> <span class='ocrx_word' id='word_1_218' title='bbox 296 2727 321 2781; x_wconf 90' lang='lat' dir='ltr'>ei</span> <span class='ocrx_word' id='word_1_219' title='bbox 346 2745 402 2781; x_wconf 93' lang='lat' dir='ltr'>non</span> <span class='ocrx_word' id='word_1_220' title='bbox 425 2727 461 2780; x_wconf 89' lang='lat' dir='ltr'>sit</span> <span class='ocrx_word' id='word_1_221' title='bbox 486 2728 578 2781; x_wconf 91' lang='lat' dir='ltr'>nudus</span> <span class='ocrx_word' id='word_1_222' title='bbox 603 2733 632 2782; x_wconf 87' lang='lat' dir='ltr'>et</span> <span class='ocrx_word' id='word_1_223' title='bbox 655 2734 759 2782; x_wconf 77' lang='lat' dir='ltr'>otiosus</span> <span class='ocrx_word' id='word_1_224' title='bbox 784 2745 876 2782; x_wconf 91' lang='lat' dir='ltr'>rerum</span> <span class='ocrx_word' id='word_1_225' title='bbox 904 2735 1070 2798; x_wconf 64' lang='lat' dir='ltr'>aspectum</span> 
     </span>
     <span class='ocr_line' id='line_1_31' title="bbox 208 2791 1070 2866; baseline -0.007 -16"><span class='ocrx_word' id='word_1_226' title='bbox 208 2800 325 2850; x_wconf 85' lang='lat' dir='ltr'>actuosa</span> <span class='ocrx_word' id='word_1_227' title='bbox 344 2813 436 2850; x_wconf 87' lang='lat' dir='ltr'>rerum</span> <span class='ocrx_word' id='word_1_228' title='bbox 456 2797 577 2850; x_wconf 88' lang='lat' dir='ltr'>omnium</span> <span class='ocrx_word' id='word_1_229' title='bbox 595 2796 805 2851; x_wconf 84' lang='lat' dir='ltr'>administratio.</span> <span class='ocrx_word' id='word_1_230' title='bbox 835 2796 931 2866; x_wconf 86' lang='lat' dir='ltr'>Atque</span> <span class='ocrx_word' id='word_1_231' title='bbox 949 2796 989 2851; x_wconf 90' lang='lat' dir='ltr'>sic</span> <span class='ocrx_word' id='word_1_232' title='bbox 1005 2791 1070 2849; x_wconf 86' lang='lat' dir='ltr'>inclu</span> 
     </span>
     <span class='ocr_line' id='line_1_32' title="bbox 206 2864 1070 2935; baseline -0.002 -18"><span class='ocrx_word' id='word_1_233' title='bbox 206 2864 275 2919; x_wconf 86' lang='lat' dir='ltr'>tria:</span> <span class='ocrx_word' id='word_1_234' title='bbox 298 2873 319 2920; x_wconf 90' lang='lat'>1.</span> <span class='ocrx_word' id='word_1_235' title='bbox 338 2864 592 2935; x_wconf 87' lang='lat' dir='ltr'>praecognitionem</span> <span class='ocrx_word' id='word_1_236' title='bbox 612 2881 712 2922; x_wconf 87' lang='lat' dir='ltr'>rerum.</span> <span class='ocrx_word' id='word_1_237' title='bbox 741 2872 764 2920; x_wconf 86' lang='lat'>2.</span> <span class='ocrx_word' id='word_1_238' title='bbox 777 2864 959 2920; x_wconf 88' lang='lat' dir='ltr'>Voluntatem</span> <span class='ocrx_word' id='word_1_239' title='bbox 977 2882 1010 2919; x_wconf 88' lang='lat' dir='ltr'>ac</span> <span class='ocrx_word' id='word_1_240' title='bbox 1026 2876 1070 2917; x_wconf 81' lang='lat' dir='ltr'>cur·</span> 
     </span>
     <span class='ocr_line' id='line_1_33' title="bbox 208 2926 1070 3015; baseline -0.002 -30"><span class='ocrx_word' id='word_1_241' title='bbox 208 2933 403 3003; x_wconf 87' lang='lat' dir='ltr'>prospiciendi.</span> <span class='ocrx_word' id='word_1_242' title='bbox 424 2939 447 2987; x_wconf 83' lang='lat'>³.</span> <span class='ocrx_word' id='word_1_243' title='bbox 460 2934 606 2988; x_wconf 89' lang='lat' dir='ltr'>Actionem</span> <span class='ocrx_word' id='word_1_244' title='bbox 625 2934 721 3015; x_wconf 86' lang='lat' dir='ltr'>ipsam.</span> <span class='ocrx_word' id='word_1_245' title='bbox 741 2936 890 3004; x_wconf 81' lang='lat' dir='ltr'>Differcrt</span> <span class='ocrx_word' id='word_1_246' title='bbox 907 2933 1017 2988; x_wconf 87' lang='lat' dir='ltr'>interim</span> <span class='ocrx_word' id='word_1_247' title='bbox 1032 2926 1070 2984; x_wconf 75' lang='lat' dir='ltr'>scir</span> 
     </span>
     <span class='ocr_line' id='line_1_34' title="bbox 209 3001 1070 3073; baseline -0.002 -18"><span class='ocrx_word' id='word_1_248' title='bbox 209 3001 260 3069; x_wconf 85' lang='lat' dir='ltr'>tia,</span> <span class='ocrx_word' id='word_1_249' title='bbox 276 3001 469 3072; x_wconf 84' lang='lat' dir='ltr'>praescientia,</span> <span class='ocrx_word' id='word_1_250' title='bbox 486 3002 662 3072; x_wconf 72' lang='lat' dir='ltr'>providentia</span> <span class='ocrx_word' id='word_1_251' title='bbox 689 3011 717 3057; x_wconf 91' lang='lat' dir='ltr'>et</span> <span class='ocrx_word' id='word_1_252' title='bbox 733 3002 960 3073; x_wconf 85' lang='lat' dir='ltr'>praedestinatio.</span> <span class='ocrx_word' id='word_1_253' title='bbox 1000 3001 1070 3057; x_wconf 78' lang='lat' dir='ltr'>Sciet</span> 
     </span>
     <span class='ocr_line' id='line_1_35' title="bbox 210 3070 1070 3141; baseline 0 -17"><span class='ocrx_word' id='word_1_254' title='bbox 210 3074 253 3124; x_wconf 87' lang='lat' dir='ltr'>est</span> <span class='ocrx_word' id='word_1_255' title='bbox 277 3087 370 3125; x_wconf 92' lang='lat' dir='ltr'>rerum</span> <span class='ocrx_word' id='word_1_256' title='bbox 395 3070 607 3141; x_wconf 85' lang='lat' dir='ltr'>praeteritarum</span> <span class='ocrx_word' id='word_1_257' title='bbox 635 3079 663 3125; x_wconf 87' lang='lat' dir='ltr'>et</span> <span class='ocrx_word' id='word_1_258' title='bbox 685 3071 881 3140; x_wconf 83' lang='lat' dir='ltr'>praesentium.</span> <span class='ocrx_word' id='word_1_259' title='bbox 926 3070 1070 3126; x_wconf 74' lang='lat' dir='ltr'>Praescia</span> 
     </span>
     <span class='ocr_line' id='line_1_36' title="bbox 209 3137 1070 3210; baseline 0.003 -20"><span class='ocrx_word' id='word_1_260' title='bbox 209 3141 254 3191; x_wconf 91' lang='lat' dir='ltr'>est</span> <span class='ocrx_word' id='word_1_261' title='bbox 277 3137 443 3208; x_wconf 82' lang='lat' dir='ltr'>futurarum,</span> <span class='ocrx_word' id='word_1_262' title='bbox 471 3156 543 3210; x_wconf 86' lang='lat' dir='ltr'>quae</span> <span class='ocrx_word' id='word_1_263' title='bbox 570 3139 721 3208; x_wconf 88' lang='lat' dir='ltr'>improprie</span> <span class='ocrx_word' id='word_1_264' title='bbox 747 3139 808 3193; x_wconf 91' lang='lat' dir='ltr'>Deo</span> <span class='ocrx_word' id='word_1_265' title='bbox 835 3139 975 3194; x_wconf 89' lang='lat' dir='ltr'>tribuitur.</span> <span class='ocrx_word' id='word_1_266' title='bbox 1022 3137 1070 3193; x_wconf 72' lang='lat' dir='ltr'>Otr</span> 
     </span>
     <span class='ocr_line' id='line_1_37' title="bbox 209 3205 1070 3278; baseline 0.001 -19"><span class='ocrx_word' id='word_1_267' title='bbox 209 3205 285 3259; x_wconf 89' lang='lat' dir='ltr'>enim</span> <span class='ocrx_word' id='word_1_268' title='bbox 303 3207 333 3261; x_wconf 91' lang='lat' dir='ltr'>in</span> <span class='ocrx_word' id='word_1_269' title='bbox 351 3215 487 3278; x_wconf 88' lang='lat' dir='ltr'>perpetuo</span> <span class='ocrx_word' id='word_1_270' title='bbox 505 3214 534 3262; x_wconf 89' lang='lat' dir='ltr'>et</span> <span class='ocrx_word' id='word_1_271' title='bbox 552 3207 647 3261; x_wconf 84' lang='lat' dir='ltr'>stabili</span> <span class='ocrx_word' id='word_1_272' title='bbox 665 3212 717 3261; x_wconf 81' lang='grc' dir='ltr'>νῦν</span> <span class='ocrx_word' id='word_1_273' title='bbox 736 3208 813 3262; x_wconf 92' lang='lat' dir='ltr'>Deus</span> <span class='ocrx_word' id='word_1_274' title='bbox 841 3210 965 3263; x_wconf 86' lang='lat' dir='ltr'>intuetur</span> <span class='ocrx_word' id='word_1_275' title='bbox 984 3226 1017 3263; x_wconf 87' lang='lat' dir='ltr'>ac</span> <span class='ocrx_word' id='word_1_276' title='bbox 1034 3218 1070 3260; x_wconf 64' lang='lat' dir='ltr'>no*</span> 
     </span>
     <span class='ocr_line' id='line_1_38' title="bbox 209 3274 1068 3349; baseline -0.002 -20"><span class='ocrx_word' id='word_1_277' title='bbox 209 3274 336 3346; x_wconf 80' lang='lat' dir='ltr'>adeoque</span> <span class='ocrx_word' id='word_1_278' title='bbox 362 3277 423 3346; x_wconf 89' lang='lat' dir='ltr'>ejus</span> <span class='ocrx_word' id='word_1_279' title='bbox 450 3275 634 3346; x_wconf 84' lang='lat' dir='ltr'>praescientia</span> <span class='ocrx_word' id='word_1_280' title='bbox 659 3283 700 3330; x_wconf 88' lang='lat' dir='ltr'>est</span> <span class='ocrx_word' id='word_1_281' title='bbox 723 3276 877 3349; x_wconf 69' lang='lat' dir='ltr'>praeseptis</span> <span class='ocrx_word' id='word_1_282' title='bbox 901 3279 943 3332; x_wconf 87' lang='lat' dir='ltr'>rei</span> <span class='ocrx_word' id='word_1_283' title='bbox 961 3275 1068 3333; x_wconf 83' lang='lat' dir='ltr'>scientis</span> 
     </span>
    </p>
   </div>
   <div class='ocr_carea' id='block_1_11' title="bbox 0 0 1130 3772">
    <p class='ocr_par' dir='ltr' id='par_1_11' title="bbox 0 0 1130 3772">
     <span class='ocr_line' id='line_1_39' title="bbox 0 0 1130 3772; baseline 0 1"><span class='ocrx_word' id='word_1_284' title='bbox 0 0 1130 3772; x_wconf 95' lang='lat' dir='ltr'> </span> 
     </span>
    </p>
   </div>
  </div>
 </body>
</html>
