<?xml version="1.0" encoding="UTF-8"?>
<!DOCTYPE html PUBLIC "-//W3C//DTD XHTML 1.0 Transitional//EN"
    "http://www.w3.org/TR/xhtml1/DTD/xhtml1-transitional.dtd">
<html xmlns="http://www.w3.org/1999/xhtml" xml:lang="en" lang="en">
 <head>
  <title>
</title>
<meta http-equiv="Content-Type" content="text/html;charset=utf-8" />
  <meta name='ocr-system' content='tesseract 3.04.00' />
  <meta name='ocr-capabilities' content='ocr_page ocr_carea ocr_par ocr_line ocrx_word'/>
</head>
<body>
  <div class='ocr_page' id='page_1' title='image "./dconradidieteri00dietgoog_0243.png"; bbox 0 0 2250 3772; ppageno 0'>
   <div class='ocr_carea' id='block_1_1' title="bbox 108 254 884 345">
    <p class='ocr_par' dir='ltr' id='par_1_1' title="bbox 108 254 884 345">
     <span class='ocr_line' id='line_1_1' title="bbox 108 254 884 345; baseline 0.008 -26"><span class='ocrx_word' id='word_1_1' title='bbox 108 255 174 320; x_wconf 78' lang='lat'>210</span> <span class='ocrx_word' id='word_1_2' title='bbox 244 254 351 341; x_wconf 89' lang='lat' dir='ltr'>Caput</span> <span class='ocrx_word' id='word_1_3' title='bbox 372 257 414 324; x_wconf 81' lang='lat' dir='ltr'>Il.</span> <span class='ocrx_word' id='word_1_4' title='bbox 459 261 511 325; x_wconf 91' lang='lat' dir='ltr'>De</span> <span class='ocrx_word' id='word_1_5' title='bbox 534 258 681 342; x_wconf 86' lang='lat' dir='ltr'>symbolo</span> <span class='ocrx_word' id='word_1_6' title='bbox 703 259 884 345; x_wconf 81' lang='lat' dir='ltr'>apostolico.</span> 
     </span>
    </p>
   </div>
   <div class='ocr_carea' id='block_1_2' title="bbox 113 427 930 598">
    <p class='ocr_par' dir='ltr' id='par_1_2' title="bbox 113 427 930 598">
     <span class='ocr_line' id='line_1_2' title="bbox 113 427 930 515; baseline 0.001 -24"><span class='ocrx_word' id='word_1_7' title='bbox 113 430 161 492; x_wconf 85' lang='lat'>14.</span> <span class='ocrx_word' id='word_1_8' title='bbox 205 427 363 505; x_wconf 78' lang='lat' dir='ltr'><em>Quomodo</em></span> <span class='ocrx_word' id='word_1_9' title='bbox 385 431 483 493; x_wconf 84' lang='lat' dir='ltr'>Potor</span> <span class='ocrx_word' id='word_1_10' title='bbox 516 442 559 493; x_wconf 82' lang='lat' dir='ltr'>est</span> <span class='ocrx_word' id='word_1_11' title='bbox 584 431 708 515; x_wconf 82' lang='lat' dir='ltr'>primo,</span> <span class='ocrx_word' id='word_1_12' title='bbox 745 431 849 495; x_wconf 62' lang='lat' dir='ltr'>itlius</span> <span class='ocrx_word' id='word_1_13' title='bbox 878 450 930 495; x_wconf 80' lang='lat' dir='ltr'>stro</span> 
     </span>
     <span class='ocr_line' id='line_1_3' title="bbox 200 510 928 598; baseline 0.001 -22"><span class='ocrx_word' id='word_1_14' title='bbox 200 514 337 597; x_wconf 74' lang='lat' dir='ltr'>Spiritus</span> <span class='ocrx_word' id='word_1_15' title='bbox 359 527 483 579; x_wconf 79' lang='lat' dir='ltr'>sauctus</span> <span class='ocrx_word' id='word_1_16' title='bbox 506 517 596 578; x_wconf 83' lang='lat' dir='ltr'>tortio</span> <span class='ocrx_word' id='word_1_17' title='bbox 606 537 745 598; x_wconf 81' lang='lat' dir='ltr'>persona</span> <span class='ocrx_word' id='word_1_18' title='bbox 768 510 928 580; x_wconf 75' lang='lat' dir='ltr'>trinitatis?</span> 
     </span>
    </p>
   </div>
   <div class='ocr_carea' id='block_1_3' title="bbox 108 615 930 1126">
    <p class='ocr_par' dir='ltr' id='par_1_3' title="bbox 108 615 930 1126">
     <span class='ocr_line' id='line_1_4' title="bbox 194 615 930 701; baseline 0.001 -24"><span class='ocrx_word' id='word_1_19' title='bbox 194 617 234 678; x_wconf 92' lang='lat' dir='ltr'>In</span> <span class='ocrx_word' id='word_1_20' title='bbox 255 615 394 679; x_wconf 90' lang='lat' dir='ltr'>trinitate</span> <span class='ocrx_word' id='word_1_21' title='bbox 416 615 505 679; x_wconf 88' lang='lat' dir='ltr'>nulla</span> <span class='ocrx_word' id='word_1_22' title='bbox 525 637 662 700; x_wconf 87' lang='lat' dir='ltr'>persona</span> <span class='ocrx_word' id='word_1_23' title='bbox 682 626 729 679; x_wconf 89' lang='lat' dir='ltr'>est</span> <span class='ocrx_word' id='word_1_24' title='bbox 752 616 853 680; x_wconf 87' lang='lat' dir='ltr'>altera</span> <span class='ocrx_word' id='word_1_25' title='bbox 866 615 930 701; x_wconf 90' lang='lat' dir='ltr'>prio·</span> 
     </span>
     <span class='ocr_line' id='line_1_5' title="bbox 108 699 930 785; baseline 0.001 -21"><span class='ocrx_word' id='word_1_26' title='bbox 108 701 281 785; x_wconf 84' lang='lat' dir='ltr'>posterior,</span> <span class='ocrx_word' id='word_1_27' title='bbox 310 702 399 764; x_wconf 89' lang='lat' dir='ltr'>nulla</span> <span class='ocrx_word' id='word_1_28' title='bbox 426 702 528 783; x_wconf 82' lang='lat' dir='ltr'>major</span> <span class='ocrx_word' id='word_1_29' title='bbox 555 712 610 764; x_wconf 88' lang='lat' dir='ltr'>aut</span> <span class='ocrx_word' id='word_1_30' title='bbox 639 701 759 777; x_wconf 86' lang='lat' dir='ltr'>minor3</span> <span class='ocrx_word' id='word_1_31' title='bbox 788 699 930 779; x_wconf 80' lang='lat' dir='ltr'>dieituri</span> 
     </span>
     <span class='ocr_line' id='line_1_6' title="bbox 109 785 930 870; baseline -0.004 -22"><span class='ocrx_word' id='word_1_32' title='bbox 109 785 223 870; x_wconf 86' lang='lat' dir='ltr'>prima,</span> <span class='ocrx_word' id='word_1_33' title='bbox 245 787 394 862; x_wconf 82' lang='lat' dir='ltr'>secunda,</span> <span class='ocrx_word' id='word_1_34' title='bbox 415 787 508 850; x_wconf 89' lang='lat' dir='ltr'>tertia</span> <span class='ocrx_word' id='word_1_35' title='bbox 520 808 668 870; x_wconf 88' lang='lat' dir='ltr'>persona,</span> <span class='ocrx_word' id='word_1_36' title='bbox 689 797 814 850; x_wconf 90' lang='lat' dir='ltr'>tantum</span> <span class='ocrx_word' id='word_1_37' title='bbox 828 785 930 850; x_wconf 72' lang='lat' dir='ltr'>rationi</span> 
     </span>
     <span class='ocr_line' id='line_1_7' title="bbox 111 870 930 957; baseline 0.004 -24"><span class='ocrx_word' id='word_1_38' title='bbox 111 870 194 933; x_wconf 91' lang='lat' dir='ltr'>dinis</span> <span class='ocrx_word' id='word_1_39' title='bbox 217 882 249 933; x_wconf 90' lang='lat' dir='ltr'>et</span> <span class='ocrx_word' id='word_1_40' title='bbox 269 870 419 954; x_wconf 77' lang='lat' dir='ltr'>originis,</span> <span class='ocrx_word' id='word_1_41' title='bbox 450 894 515 934; x_wconf 94' lang='lat' dir='ltr'>non</span> <span class='ocrx_word' id='word_1_42' title='bbox 545 871 667 935; x_wconf 90' lang='lat' dir='ltr'>ratione</span> <span class='ocrx_word' id='word_1_43' title='bbox 696 871 868 955; x_wconf 89' lang='lat' dir='ltr'>temporis,</span> <span class='ocrx_word' id='word_1_44' title='bbox 891 892 930 957; x_wconf 80' lang='lat' dir='ltr'>gn</span> 
     </span>
     <span class='ocr_line' id='line_1_8' title="bbox 110 954 930 1041; baseline 0.001 -23"><span class='ocrx_word' id='word_1_45' title='bbox 110 967 166 1018; x_wconf 89' lang='lat' dir='ltr'>aut</span> <span class='ocrx_word' id='word_1_46' title='bbox 187 954 361 1039; x_wconf 81' lang='lat' dir='ltr'>dignitatis.</span> <span class='ocrx_word' id='word_1_47' title='bbox 403 954 486 1020; x_wconf 88' lang='lat' dir='ltr'><strong>Sunt</strong></span> <span class='ocrx_word' id='word_1_48' title='bbox 508 955 593 1019; x_wconf 91' lang='lat' dir='ltr'>enim</span> <span class='ocrx_word' id='word_1_49' title='bbox 615 957 760 1041; x_wconf 80' lang='lat' dir='ltr'><strong>singulae</strong></span> <span class='ocrx_word' id='word_1_50' title='bbox 781 977 930 1041; x_wconf 87' lang='lat' dir='ltr'>personae</span> 
     </span>
     <span class='ocr_line' id='line_1_9' title="bbox 109 1041 569 1126; baseline 0.004 -22"><span class='ocrx_word' id='word_1_51' title='bbox 109 1050 295 1104; x_wconf 86' lang='lat' dir='ltr'>coaeternae</span> <span class='ocrx_word' id='word_1_52' title='bbox 318 1053 349 1104; x_wconf 88' lang='lat' dir='ltr'>et</span> <span class='ocrx_word' id='word_1_53' title='bbox 371 1041 569 1126; x_wconf 82' lang='lat' dir='ltr'>coaequales.</span> 
     </span>
    </p>
   </div>
   <div class='ocr_carea' id='block_1_4' title="bbox 108 1139 930 1899">
    <p class='ocr_par' dir='ltr' id='par_1_4' title="bbox 108 1139 930 1899">
     <span class='ocr_line' id='line_1_10' title="bbox 180 1139 930 1221; baseline -0.001 -27"><span class='ocrx_word' id='word_1_54' title='bbox 180 1141 276 1205; x_wconf 77' lang='lat' dir='ltr'>(Pater</span> <span class='ocrx_word' id='word_1_55' title='bbox 293 1146 336 1195; x_wconf 91' lang='lat' dir='ltr'>est</span> <span class='ocrx_word' id='word_1_56' title='bbox 355 1141 445 1211; x_wconf 91' lang='lat' dir='ltr'>prima</span> <span class='ocrx_word' id='word_1_57' title='bbox 461 1156 596 1221; x_wconf 88' lang='lat' dir='ltr'>persona,</span> <span class='ocrx_word' id='word_1_58' title='bbox 623 1146 651 1194; x_wconf 89' lang='lat' dir='ltr'>et</span> <span class='ocrx_word' id='word_1_59' title='bbox 677 1140 757 1210; x_wconf 85' lang='lat' dir='ltr'>quasi</span> <span class='ocrx_word' id='word_1_60' title='bbox 779 1140 844 1195; x_wconf 87' lang='lat' dir='ltr'>fons</span> <span class='ocrx_word' id='word_1_61' title='bbox 868 1139 930 1195; x_wconf 79' lang='lat' dir='ltr'>divis</span> 
     </span>
     <span class='ocr_line' id='line_1_11' title="bbox 108 1209 930 1280; baseline -0.001 -17"><span class='ocrx_word' id='word_1_62' title='bbox 108 1209 174 1264; x_wconf 84' lang='lat' dir='ltr'>Filii</span> <span class='ocrx_word' id='word_1_63' title='bbox 194 1215 223 1265; x_wconf 91' lang='lat' dir='ltr'>et</span> <span class='ocrx_word' id='word_1_64' title='bbox 242 1211 361 1280; x_wconf 77' lang='lat' dir='ltr'>Spiritus</span> <span class='ocrx_word' id='word_1_65' title='bbox 380 1215 481 1273; x_wconf 83' lang='lat' dir='ltr'>saneti,</span> <span class='ocrx_word' id='word_1_66' title='bbox 504 1210 570 1280; x_wconf 89' lang='lat' dir='ltr'>quia</span> <span class='ocrx_word' id='word_1_67' title='bbox 588 1209 678 1263; x_wconf 86' lang='lat' dir='ltr'>deitas</span> <span class='ocrx_word' id='word_1_68' title='bbox 696 1209 721 1263; x_wconf 92' lang='lat' dir='ltr'>ei</span> <span class='ocrx_word' id='word_1_69' title='bbox 738 1226 756 1263; x_wconf 91' lang='lat' dir='ltr'>a</span> <span class='ocrx_word' id='word_1_70' title='bbox 775 1209 852 1264; x_wconf 92' lang='lat' dir='ltr'>nullo</span> <span class='ocrx_word' id='word_1_71' title='bbox 871 1226 930 1263; x_wconf 84' lang='lat' dir='ltr'>som</span> 
     </span>
     <span class='ocr_line' id='line_1_12' title="bbox 108 1276 930 1348; baseline 0 -15"><span class='ocrx_word' id='word_1_72' title='bbox 108 1286 172 1333; x_wconf 83' lang='lat' dir='ltr'>eata</span> <span class='ocrx_word' id='word_1_73' title='bbox 189 1283 245 1343; x_wconf 85' lang='lat' dir='ltr'>est,</span> <span class='ocrx_word' id='word_1_74' title='bbox 264 1279 313 1333; x_wconf 87' lang='lat' dir='ltr'>sed</span> <span class='ocrx_word' id='word_1_75' title='bbox 330 1280 391 1348; x_wconf 89' lang='lat' dir='ltr'>ipsa</span> <span class='ocrx_word' id='word_1_76' title='bbox 411 1278 596 1331; x_wconf 77' lang='lat' dir='ltr'><strong>communicat</strong></span> <span class='ocrx_word' id='word_1_77' title='bbox 616 1277 748 1332; x_wconf 84' lang='lat' dir='ltr'>deitatem</span> <span class='ocrx_word' id='word_1_78' title='bbox 766 1278 839 1333; x_wconf 87' lang='lat' dir='ltr'>Filio</span> <span class='ocrx_word' id='word_1_79' title='bbox 858 1283 886 1333; x_wconf 88' lang='lat' dir='ltr'>et</span> <span class='ocrx_word' id='word_1_80' title='bbox 905 1276 930 1347; x_wconf 72' lang='lat' dir='ltr'>Sl</span> 
     </span>
     <span class='ocr_line' id='line_1_13' title="bbox 111 1346 923 1416; baseline -0.002 -14"><span class='ocrx_word' id='word_1_81' title='bbox 111 1353 216 1404; x_wconf 86' lang='lat' dir='ltr'>saneto.</span> <span class='ocrx_word' id='word_1_82' title='bbox 247 1348 335 1401; x_wconf 82' lang='lat' dir='ltr'>Filius</span> <span class='ocrx_word' id='word_1_83' title='bbox 355 1356 397 1401; x_wconf 89' lang='lat' dir='ltr'>ost</span> <span class='ocrx_word' id='word_1_84' title='bbox 414 1347 537 1401; x_wconf 82' lang='lat' dir='ltr'>secunda</span> <span class='ocrx_word' id='word_1_85' title='bbox 548 1363 675 1416; x_wconf 86' lang='lat' dir='ltr'>persona,</span> <span class='ocrx_word' id='word_1_86' title='bbox 693 1347 758 1416; x_wconf 88' lang='lat' dir='ltr'>quia</span> <span class='ocrx_word' id='word_1_87' title='bbox 770 1347 859 1401; x_wconf 87' lang='lat' dir='ltr'>deitas</span> <span class='ocrx_word' id='word_1_88' title='bbox 871 1346 895 1402; x_wconf 89' lang='lat' dir='ltr'>ei</span> <span class='ocrx_word' id='word_1_89' title='bbox 907 1364 923 1400; x_wconf 86' lang='lat' dir='ltr'>a</span> 
     </span>
     <span class='ocr_line' id='line_1_14' title="bbox 109 1416 930 1488; baseline -0.004 -17"><span class='ocrx_word' id='word_1_90' title='bbox 109 1435 160 1487; x_wconf 87' lang='lat' dir='ltr'>per</span> <span class='ocrx_word' id='word_1_91' title='bbox 176 1424 319 1471; x_wconf 79' lang='lat' dir='ltr'>aeternam</span> <span class='ocrx_word' id='word_1_92' title='bbox 337 1416 543 1488; x_wconf 80' lang='lat' dir='ltr'>generationem</span> <span class='ocrx_word' id='word_1_93' title='bbox 564 1416 775 1471; x_wconf 84' lang='lat' dir='ltr'>communicata.</span> <span class='ocrx_word' id='word_1_94' title='bbox 812 1416 930 1485; x_wconf 74' lang='lat' dir='ltr'>Spiritus</span> 
     </span>
     <span class='ocr_line' id='line_1_15' title="bbox 110 1484 929 1566; baseline 0 -27"><span class='ocrx_word' id='word_1_95' title='bbox 110 1495 171 1539; x_wconf 87' lang='lat' dir='ltr'>otus</span> <span class='ocrx_word' id='word_1_96' title='bbox 194 1492 237 1540; x_wconf 89' lang='lat' dir='ltr'>est</span> <span class='ocrx_word' id='word_1_97' title='bbox 260 1486 343 1540; x_wconf 88' lang='lat' dir='ltr'>tertia</span> <span class='ocrx_word' id='word_1_98' title='bbox 361 1501 496 1566; x_wconf 84' lang='lat' dir='ltr'>persona,</span> <span class='ocrx_word' id='word_1_99' title='bbox 524 1484 590 1554; x_wconf 89' lang='lat' dir='ltr'>quia</span> <span class='ocrx_word' id='word_1_100' title='bbox 608 1484 696 1538; x_wconf 88' lang='lat' dir='ltr'>deitas</span> <span class='ocrx_word' id='word_1_101' title='bbox 724 1484 748 1538; x_wconf 90' lang='lat' dir='ltr'>ei</span> <span class='ocrx_word' id='word_1_102' title='bbox 768 1502 786 1538; x_wconf 87' lang='lat' dir='ltr'>a</span> <span class='ocrx_word' id='word_1_103' title='bbox 800 1484 886 1539; x_wconf 87' lang='lat' dir='ltr'>Patro</span> <span class='ocrx_word' id='word_1_104' title='bbox 903 1488 929 1539; x_wconf 85' lang='grc' dir='ltr'>θῖ</span> 
     </span>
     <span class='ocr_line' id='line_1_16' title="bbox 108 1553 930 1625; baseline -0.001 -17"><span class='ocrx_word' id='word_1_105' title='bbox 108 1572 159 1625; x_wconf 88' lang='lat' dir='ltr'>per</span> <span class='ocrx_word' id='word_1_106' title='bbox 177 1561 316 1609; x_wconf 88' lang='lat' dir='ltr'>aeternam</span> <span class='ocrx_word' id='word_1_107' title='bbox 334 1554 512 1623; x_wconf 79' lang='lat' dir='ltr'>spirationem</span> <span class='ocrx_word' id='word_1_108' title='bbox 537 1553 594 1609; x_wconf 85' lang='lat' dir='ltr'>sive</span> <span class='ocrx_word' id='word_1_109' title='bbox 613 1554 817 1622; x_wconf 78' lang='lat' dir='ltr'>processionem</span> <span class='ocrx_word' id='word_1_110' title='bbox 836 1570 930 1608; x_wconf 76' lang='lat' dir='ltr'>oommt</span> 
     </span>
     <span class='ocr_line' id='line_1_17' title="bbox 108 1621 930 1692; baseline -0.002 -15"><span class='ocrx_word' id='word_1_111' title='bbox 108 1631 163 1677; x_wconf 88' lang='lat' dir='ltr'>tur.</span> <span class='ocrx_word' id='word_1_112' title='bbox 208 1623 245 1677; x_wconf 89' lang='lat' dir='ltr'>Et</span> <span class='ocrx_word' id='word_1_113' title='bbox 263 1632 355 1678; x_wconf 88' lang='lat' dir='ltr'>tamon</span> <span class='ocrx_word' id='word_1_114' title='bbox 380 1624 464 1676; x_wconf 88' lang='lat' dir='ltr'>Pater</span> <span class='ocrx_word' id='word_1_115' title='bbox 487 1621 559 1676; x_wconf 85' lang='lat' dir='ltr'>Filio</span> <span class='ocrx_word' id='word_1_116' title='bbox 579 1626 607 1675; x_wconf 92' lang='lat' dir='ltr'>et</span> <span class='ocrx_word' id='word_1_117' title='bbox 625 1621 730 1692; x_wconf 86' lang='lat' dir='ltr'>Spiritu</span> <span class='ocrx_word' id='word_1_118' title='bbox 748 1629 859 1685; x_wconf 86' lang='lat' dir='ltr'>saneto,</span> <span class='ocrx_word' id='word_1_119' title='bbox 884 1621 930 1677; x_wconf 70' lang='lat' dir='ltr'>et}</span> 
     </span>
     <span class='ocr_line' id='line_1_18' title="bbox 109 1691 930 1762; baseline -0.004 -15"><span class='ocrx_word' id='word_1_120' title='bbox 109 1691 215 1762; x_wconf 86' lang='lat' dir='ltr'>Spiritu</span> <span class='ocrx_word' id='word_1_121' title='bbox 234 1711 255 1748; x_wconf 89' lang='lat' dir='ltr'>s.</span> <span class='ocrx_word' id='word_1_122' title='bbox 274 1710 329 1746; x_wconf 95' lang='lat' dir='ltr'>non</span> <span class='ocrx_word' id='word_1_123' title='bbox 350 1697 392 1745; x_wconf 90' lang='lat' dir='ltr'>est</span> <span class='ocrx_word' id='word_1_124' title='bbox 410 1691 485 1761; x_wconf 89' lang='lat' dir='ltr'>prior</span> <span class='ocrx_word' id='word_1_125' title='bbox 496 1697 629 1759; x_wconf 89' lang='lat' dir='ltr'>ternpore,</span> <span class='ocrx_word' id='word_1_126' title='bbox 646 1697 695 1743; x_wconf 91' lang='lat' dir='ltr'>aut</span> <span class='ocrx_word' id='word_1_127' title='bbox 714 1692 803 1760; x_wconf 87' lang='lat' dir='ltr'>major</span> <span class='ocrx_word' id='word_1_128' title='bbox 814 1691 930 1746; x_wconf 84' lang='lat' dir='ltr'>excellen</span> 
     </span>
     <span class='ocr_line' id='line_1_19' title="bbox 109 1760 925 1833; baseline 0.001 -20"><span class='ocrx_word' id='word_1_129' title='bbox 109 1761 260 1833; x_wconf 82' lang='lat' dir='ltr'>dignitate,</span> <span class='ocrx_word' id='word_1_130' title='bbox 279 1762 328 1814; x_wconf 89' lang='lat' dir='ltr'>sed</span> <span class='ocrx_word' id='word_1_131' title='bbox 346 1765 457 1814; x_wconf 87' lang='lat' dir='ltr'>tantum</span> <span class='ocrx_word' id='word_1_132' title='bbox 474 1760 571 1813; x_wconf 87' lang='lat' dir='ltr'>ordine</span> <span class='ocrx_word' id='word_1_133' title='bbox 589 1766 617 1813; x_wconf 91' lang='lat' dir='ltr'>et</span> <span class='ocrx_word' id='word_1_134' title='bbox 635 1760 748 1830; x_wconf 84' lang='lat' dir='ltr'>origine.</span> <span class='ocrx_word' id='word_1_135' title='bbox 776 1760 925 1830; x_wconf 77' lang='lat' dir='ltr'>Nunquam</span> 
     </span>
     <span class='ocr_line' id='line_1_20' title="bbox 108 1827 930 1899; baseline -0.005 -14"><span class='ocrx_word' id='word_1_136' title='bbox 108 1830 193 1885; x_wconf 91' lang='lat' dir='ltr'>Pater</span> <span class='ocrx_word' id='word_1_137' title='bbox 201 1831 255 1884; x_wconf 85' lang='lat' dir='ltr'>fuit</span> <span class='ocrx_word' id='word_1_138' title='bbox 265 1830 323 1884; x_wconf 91' lang='lat' dir='ltr'>sine</span> <span class='ocrx_word' id='word_1_139' title='bbox 332 1830 411 1893; x_wconf 77' lang='lat' dir='ltr'>Filio,</span> <span class='ocrx_word' id='word_1_140' title='bbox 430 1844 481 1881; x_wconf 90' lang='lat' dir='ltr'>neo</span> <span class='ocrx_word' id='word_1_141' title='bbox 490 1828 579 1881; x_wconf 87' lang='lat' dir='ltr'>Filius</span> <span class='ocrx_word' id='word_1_142' title='bbox 588 1827 647 1882; x_wconf 91' lang='lat' dir='ltr'>sine</span> <span class='ocrx_word' id='word_1_143' title='bbox 658 1827 763 1897; x_wconf 87' lang='lat' dir='ltr'>Spiritu</span> <span class='ocrx_word' id='word_1_144' title='bbox 772 1833 878 1896; x_wconf 87' lang='lat' dir='ltr'>saneto,</span> <span class='ocrx_word' id='word_1_145' title='bbox 896 1845 930 1899; x_wconf 93' lang='lat' dir='ltr'>qu</span> 
     </span>
    </p>
   </div>
   <div class='ocr_carea' id='block_1_5' title="bbox 107 1897 930 2239">
    <p class='ocr_par' dir='ltr' id='par_1_5' title="bbox 128 1897 914 1965">
     <span class='ocr_line' id='line_1_21' title="bbox 128 1897 914 1965; baseline -0.003 -13"><span class='ocrx_word' id='word_1_146' title='bbox 128 1901 222 1954; x_wconf 90' lang='lat' dir='ltr'>uidem</span> <span class='ocrx_word' id='word_1_147' title='bbox 250 1898 379 1951; x_wconf 89' lang='lat' dir='ltr'>divinitas</span> <span class='ocrx_word' id='word_1_148' title='bbox 400 1897 501 1950; x_wconf 88' lang='lat' dir='ltr'>mutari</span> <span class='ocrx_word' id='word_1_149' title='bbox 518 1914 573 1949; x_wconf 94' lang='lat' dir='ltr'>non</span> <span class='ocrx_word' id='word_1_150' title='bbox 590 1903 688 1964; x_wconf 86' lang='lat' dir='ltr'>potest.</span> <span class='ocrx_word' id='word_1_151' title='bbox 729 1900 789 1951; x_wconf 80' lang='lat' dir='ltr'>Neo</span> <span class='ocrx_word' id='word_1_152' title='bbox 810 1899 914 1965; x_wconf 78' lang='lat' dir='ltr'>obstat,</span> 
     </span>
    </p>

    <p class='ocr_par' dir='ltr' id='par_1_6' title="bbox 107 1917 930 2239">
     <span class='ocr_line' id='line_1_22' title="bbox 107 1917 930 2035; baseline -0.006 -13"><span class='ocrx_word' id='word_1_153' title='bbox 107 1917 233 2023; x_wconf 55' lang='lat' dir='ltr'>ghristus</span> <span class='ocrx_word' id='word_1_154' title='bbox 252 1968 326 2034; x_wconf 88' lang='lat' dir='ltr'>dicit,</span> <span class='ocrx_word' id='word_1_155' title='bbox 345 1968 411 2020; x_wconf 82' lang='lat' dir='ltr'>Jot.</span> <span class='ocrx_word' id='word_1_156' title='bbox 434 1971 472 2032; x_wconf 73' lang='lat' dir='ltr'>lt,</span> <span class='ocrx_word' id='word_1_157' title='bbox 495 1969 544 2017; x_wconf 80' lang='lat'>28:</span> <span class='ocrx_word' id='word_1_158' title='bbox 564 1965 649 2019; x_wconf 88' lang='lat' dir='ltr'>Pater</span> <span class='ocrx_word' id='word_1_159' title='bbox 669 1967 758 2035; x_wconf 89' lang='lat' dir='ltr'>major</span> <span class='ocrx_word' id='word_1_160' title='bbox 775 1982 820 2019; x_wconf 90' lang='lat' dir='ltr'>me</span> <span class='ocrx_word' id='word_1_161' title='bbox 843 1974 891 2021; x_wconf 87' lang='lat' dir='ltr'>est.</span> <span class='ocrx_word' id='word_1_162' title='bbox 925 1963 930 2017; x_wconf 91' lang='lat' dir='ltr'>l</span> 
     </span>
     <span class='ocr_line' id='line_1_23' title="bbox 107 2034 920 2104; baseline -0.005 -13"><span class='ocrx_word' id='word_1_163' title='bbox 107 2038 189 2101; x_wconf 82' lang='lat' dir='ltr'>enim,</span> <span class='ocrx_word' id='word_1_164' title='bbox 208 2037 359 2089; x_wconf 86' lang='lat' dir='ltr'>seeundum</span> <span class='ocrx_word' id='word_1_165' title='bbox 369 2035 522 2088; x_wconf 74' lang='lat' dir='ltr'>Athanasii</span> <span class='ocrx_word' id='word_1_166' title='bbox 537 2034 664 2104; x_wconf 84' lang='lat' dir='ltr'>regulam</span> <span class='ocrx_word' id='word_1_167' title='bbox 680 2034 710 2087; x_wconf 94' lang='lat' dir='ltr'>in</span> <span class='ocrx_word' id='word_1_168' title='bbox 728 2034 863 2104; x_wconf 79' lang='lat' dir='ltr'>symbolo.</span> <span class='ocrx_word' id='word_1_169' title='bbox 881 2042 920 2088; x_wconf 79' lang='lat' dir='ltr'>ort</span> 
     </span>
     <span class='ocr_line' id='line_1_24' title="bbox 107 2104 930 2172; baseline -0.001 -14"><span class='ocrx_word' id='word_1_170' title='bbox 107 2115 167 2158; x_wconf 85' lang='lat' dir='ltr'>stus</span> <span class='ocrx_word' id='word_1_171' title='bbox 191 2108 279 2158; x_wconf 84' lang='lat' dir='ltr'>Patro</span> <span class='ocrx_word' id='word_1_172' title='bbox 304 2107 455 2157; x_wconf 79' lang='lat' dir='ltr'>secuudum</span> <span class='ocrx_word' id='word_1_173' title='bbox 479 2104 693 2165; x_wconf 81' lang='lat' dir='ltr'>liurnuas&#39;totem‚</span> <span class='ocrx_word' id='word_1_174' title='bbox 720 2105 851 2172; x_wconf 78' lang='lat' dir='ltr'>aequalis</span> <span class='ocrx_word' id='word_1_175' title='bbox 869 2120 930 2157; x_wconf 77' lang='lat' dir='ltr'>aoso</span> 
     </span>
     <span class='ocr_line' id='line_1_25' title="bbox 108 2175 309 2239; baseline -0.01 -13"><span class='ocrx_word' id='word_1_176' title='bbox 108 2175 309 2239; x_wconf 57' lang='lat' dir='ltr'>diuinitatem)</span> 
     </span>
    </p>
   </div>
   <div class='ocr_carea' id='block_1_6' title="bbox 109 2292 930 2457">
    <p class='ocr_par' dir='ltr' id='par_1_7' title="bbox 109 2292 930 2457">
     <span class='ocr_line' id='line_1_26' title="bbox 109 2292 930 2376; baseline -0.007 -18"><span class='ocrx_word' id='word_1_177' title='bbox 109 2294 158 2359; x_wconf 83' lang='lat'>15.</span> <span class='ocrx_word' id='word_1_178' title='bbox 194 2296 235 2355; x_wconf 83' lang='lat' dir='ltr'>Ia</span> <span class='ocrx_word' id='word_1_179' title='bbox 258 2315 316 2376; x_wconf 70' lang='lat' dir='ltr'>orso</span> <span class='ocrx_word' id='word_1_180' title='bbox 338 2292 432 2375; x_wconf 76' lang='lat' dir='ltr'>ipitur</span> <span class='ocrx_word' id='word_1_181' title='bbox 452 2305 522 2354; x_wconf 80' lang='lat' dir='ltr'>suat</span> <span class='ocrx_word' id='word_1_182' title='bbox 543 2292 599 2355; x_wconf 77' lang='lat' dir='ltr'>liae</span> <span class='ocrx_word' id='word_1_183' title='bbox 622 2303 682 2353; x_wconf 80' lang='lat' dir='ltr'>tres</span> <span class='ocrx_word' id='word_1_184' title='bbox 700 2314 852 2374; x_wconf 79' lang='lat' dir='ltr'>personae</span> <span class='ocrx_word' id='word_1_185' title='bbox 874 2294 930 2354; x_wconf 76' lang='lat' dir='ltr'>dtu</span> 
     </span>
     <span class='ocr_line' id='line_1_27' title="bbox 279 2375 693 2457; baseline 0.002 -21"><span class='ocrx_word' id='word_1_186' title='bbox 279 2378 282 2382; x_wconf 41' lang='lat'>*</span> <span class='ocrx_word' id='word_1_187' title='bbox 435 2378 472 2438; x_wconf 83' lang='lat' dir='ltr'>tis</span> <span class='ocrx_word' id='word_1_188' title='bbox 495 2375 693 2457; x_wconf 79' lang='lat' dir='ltr'>cooequales?</span> 
     </span>
    </p>
   </div>
   <div class='ocr_carea' id='block_1_7' title="bbox 102 2476 930 3052">
    <p class='ocr_par' dir='ltr' id='par_1_8' title="bbox 102 2476 930 3052">
     <span class='ocr_line' id='line_1_28' title="bbox 195 2476 925 2560; baseline 0 -20"><span class='ocrx_word' id='word_1_189' title='bbox 195 2476 386 2560; x_wconf 85' lang='lat' dir='ltr'>Respondeo</span> <span class='ocrx_word' id='word_1_190' title='bbox 418 2499 457 2539; x_wconf 90' lang='lat' dir='ltr'>ex</span> <span class='ocrx_word' id='word_1_191' title='bbox 479 2476 626 2560; x_wconf 88' lang='lat' dir='ltr'>symbolo</span> <span class='ocrx_word' id='word_1_192' title='bbox 650 2477 836 2540; x_wconf 84' lang='lat' dir='ltr'>Athanasii:</span> <span class='ocrx_word' id='word_1_193' title='bbox 864 2476 925 2540; x_wconf 87' lang='lat' dir='ltr'>alia</span> 
     </span>
     <span class='ocr_line' id='line_1_29' title="bbox 108 2559 930 2646; baseline -0.002 -21"><span class='ocrx_word' id='word_1_194' title='bbox 108 2562 182 2626; x_wconf 88' lang='lat' dir='ltr'>dem</span> <span class='ocrx_word' id='word_1_195' title='bbox 204 2573 252 2625; x_wconf 91' lang='lat' dir='ltr'>est</span> <span class='ocrx_word' id='word_1_196' title='bbox 271 2583 408 2645; x_wconf 89' lang='lat' dir='ltr'>persona</span> <span class='ocrx_word' id='word_1_197' title='bbox 430 2561 553 2636; x_wconf 88' lang='lat' dir='ltr'>Patris,</span> <span class='ocrx_word' id='word_1_198' title='bbox 579 2561 642 2624; x_wconf 91' lang='lat' dir='ltr'>alia</span> <span class='ocrx_word' id='word_1_199' title='bbox 668 2561 760 2637; x_wconf 84' lang='lat' dir='ltr'>Filii,</span> <span class='ocrx_word' id='word_1_200' title='bbox 787 2562 850 2625; x_wconf 83' lang='lat' dir='ltr'>alia</span> <span class='ocrx_word' id='word_1_201' title='bbox 879 2559 930 2646; x_wconf 87' lang='lat' dir='ltr'>Spi</span> 
     </span>
     <span class='ocr_line' id='line_1_30' title="bbox 108 2645 930 2731; baseline -0.002 -21"><span class='ocrx_word' id='word_1_202' title='bbox 108 2647 226 2722; x_wconf 85' lang='lat' dir='ltr'>saneti3</span> <span class='ocrx_word' id='word_1_203' title='bbox 247 2647 304 2710; x_wconf 90' lang='lat' dir='ltr'>sed</span> <span class='ocrx_word' id='word_1_204' title='bbox 325 2645 441 2722; x_wconf 87' lang='lat' dir='ltr'>Patris,</span> <span class='ocrx_word' id='word_1_205' title='bbox 465 2657 496 2709; x_wconf 92' lang='lat' dir='ltr'>et</span> <span class='ocrx_word' id='word_1_206' title='bbox 517 2646 603 2722; x_wconf 83' lang='lat' dir='ltr'>Filii,</span> <span class='ocrx_word' id='word_1_207' title='bbox 626 2657 657 2722; x_wconf 83' lang='lat' dir='ltr'>et</span> <span class='ocrx_word' id='word_1_208' title='bbox 673 2645 812 2731; x_wconf 85' lang='lat' dir='ltr'>Spiritus</span> <span class='ocrx_word' id='word_1_209' title='bbox 832 2645 930 2710; x_wconf 88' lang='lat' dir='ltr'>saneti</span> 
     </span>
     <span class='ocr_line' id='line_1_31' title="bbox 107 2731 930 2816; baseline -0.004 -20"><span class='ocrx_word' id='word_1_210' title='bbox 107 2745 155 2796; x_wconf 88' lang='lat' dir='ltr'>est</span> <span class='ocrx_word' id='word_1_211' title='bbox 177 2732 342 2807; x_wconf 85' lang='lat' dir='ltr'>divinitas,</span> <span class='ocrx_word' id='word_1_212' title='bbox 365 2731 507 2814; x_wconf 88' lang='lat' dir='ltr'>aequalis</span> <span class='ocrx_word' id='word_1_213' title='bbox 529 2731 649 2816; x_wconf 87' lang='lat' dir='ltr'>gloria,</span> <span class='ocrx_word' id='word_1_214' title='bbox 679 2743 710 2794; x_wconf 88' lang='lat' dir='ltr'>et</span> <span class='ocrx_word' id='word_1_215' title='bbox 731 2742 900 2795; x_wconf 81' lang='lat' dir='ltr'>coaeterna</span> <span class='ocrx_word' id='word_1_216' title='bbox 919 2754 930 2793; x_wconf 92' lang='lat'>1</span> 
     </span>
     <span class='ocr_line' id='line_1_32' title="bbox 106 2816 930 2900; baseline -0.002 -19"><span class='ocrx_word' id='word_1_217' title='bbox 106 2829 170 2881; x_wconf 89' lang='lat' dir='ltr'>stas</span> <span class='ocrx_word' id='word_1_218' title='bbox 193 2828 250 2881; x_wconf 92' lang='lat' dir='ltr'>eto.</span> <span class='ocrx_word' id='word_1_219' title='bbox 293 2818 383 2900; x_wconf 79' lang='lat' dir='ltr'>Ergo</span> <span class='ocrx_word' id='word_1_220' title='bbox 398 2816 484 2880; x_wconf 84' lang='lat' dir='ltr'>&#39;haeo</span> <span class='ocrx_word' id='word_1_221' title='bbox 506 2829 555 2879; x_wconf 89' lang='lat' dir='ltr'>est</span> <span class='ocrx_word' id='word_1_222' title='bbox 576 2817 654 2879; x_wconf 88' lang='lat' dir='ltr'>fides</span> <span class='ocrx_word' id='word_1_223' title='bbox 677 2816 842 2893; x_wconf 83' lang='lat' dir='ltr'>catholiea,</span> <span class='ocrx_word' id='word_1_224' title='bbox 864 2828 930 2879; x_wconf 85' lang='lat' dir='ltr'>uti·</span> 
     </span>
     <span class='ocr_line' id='line_1_33' title="bbox 105 2901 930 2977; baseline -0.006 -10"><span class='ocrx_word' id='word_1_225' title='bbox 105 2904 214 2967; x_wconf 91' lang='lat' dir='ltr'>Deum</span> <span class='ocrx_word' id='word_1_226' title='bbox 247 2902 281 2964; x_wconf 91' lang='lat' dir='ltr'>in</span> <span class='ocrx_word' id='word_1_227' title='bbox 310 2901 465 2977; x_wconf 89' lang='lat' dir='ltr'>trinitate,</span> <span class='ocrx_word' id='word_1_228' title='bbox 497 2912 528 2964; x_wconf 92' lang='lat' dir='ltr'>et</span> <span class='ocrx_word' id='word_1_229' title='bbox 559 2901 733 2964; x_wconf 86' lang='lat' dir='ltr'>trinitatem</span> <span class='ocrx_word' id='word_1_230' title='bbox 759 2901 793 2964; x_wconf 92' lang='lat' dir='ltr'>in</span> <span class='ocrx_word' id='word_1_231' title='bbox 821 2902 930 2964; x_wconf 76' lang='lat' dir='ltr'>unitati</span> 
     </span>
     <span class='ocr_line' id='line_1_34' title="bbox 102 3010 260 3052; baseline 0.006 -1"><span class='ocrx_word' id='word_1_232' title='bbox 102 3010 260 3052; x_wconf 85' lang='lat' dir='ltr'>neremur.</span> 
     </span>
    </p>
   </div>
   <div class='ocr_carea' id='block_1_8' title="bbox 103 3083 930 3363">
    <p class='ocr_par' dir='ltr' id='par_1_9' title="bbox 103 3083 930 3363">
     <span class='ocr_line' id='line_1_35' title="bbox 176 3083 908 3155; baseline -0.004 -12"><span class='ocrx_word' id='word_1_233' title='bbox 176 3088 264 3153; x_wconf 86' lang='lat' dir='ltr'>(Siout</span> <span class='ocrx_word' id='word_1_234' title='bbox 281 3086 355 3141; x_wconf 87' lang='lat' dir='ltr'>enim</span> <span class='ocrx_word' id='word_1_235' title='bbox 374 3083 495 3139; x_wconf 85' lang='lat' dir='ltr'>essentia</span> <span class='ocrx_word' id='word_1_236' title='bbox 513 3101 580 3150; x_wconf 88' lang='lat' dir='ltr'>una,</span> <span class='ocrx_word' id='word_1_237' title='bbox 606 3086 702 3140; x_wconf 86' lang='lat' dir='ltr'>eadem</span> <span class='ocrx_word' id='word_1_238' title='bbox 730 3091 758 3139; x_wconf 88' lang='lat' dir='ltr'>et</span> <span class='ocrx_word' id='word_1_239' title='bbox 774 3086 908 3155; x_wconf 87' lang='lat' dir='ltr'>indivisa,</span> 
     </span>
     <span class='ocr_line' id='line_1_36' title="bbox 104 3153 911 3225; baseline -0.001 -15"><span class='ocrx_word' id='word_1_240' title='bbox 104 3173 169 3225; x_wconf 86' lang='lat' dir='ltr'>una,</span> <span class='ocrx_word' id='word_1_241' title='bbox 188 3157 285 3210; x_wconf 91' lang='lat' dir='ltr'>eadem</span> <span class='ocrx_word' id='word_1_242' title='bbox 303 3161 330 3208; x_wconf 91' lang='lat' dir='ltr'>et</span> <span class='ocrx_word' id='word_1_243' title='bbox 347 3154 467 3207; x_wconf 88' lang='lat' dir='ltr'>indivisa</span> <span class='ocrx_word' id='word_1_244' title='bbox 479 3153 577 3216; x_wconf 88' lang='lat' dir='ltr'>deitas,</span> <span class='ocrx_word' id='word_1_245' title='bbox 596 3156 734 3224; x_wconf 83' lang='lat' dir='ltr'>majestas,</span> <span class='ocrx_word' id='word_1_246' title='bbox 754 3155 911 3219; x_wconf 84' lang='lat' dir='ltr'>aeternitas,</span> 
     </span>
     <span class='ocr_line' id='line_1_37' title="bbox 142 3221 930 3291; baseline -0.001 -14"><span class='ocrx_word' id='word_1_247' title='bbox 142 3225 237 3291; x_wconf 88' lang='lat' dir='ltr'>tentia,</span> <span class='ocrx_word' id='word_1_248' title='bbox 255 3224 364 3277; x_wconf 88' lang='lat' dir='ltr'>bonitas</span> <span class='ocrx_word' id='word_1_249' title='bbox 383 3230 435 3277; x_wconf 84' lang='lat' dir='ltr'>eto.</span> <span class='ocrx_word' id='word_1_250' title='bbox 471 3221 517 3274; x_wconf 87' lang='lat' dir='ltr'>lta</span> <span class='ocrx_word' id='word_1_251' title='bbox 535 3223 625 3291; x_wconf 90' lang='lat' dir='ltr'>qualis</span> <span class='ocrx_word' id='word_1_252' title='bbox 642 3224 734 3291; x_wconf 83' lang='lat' dir='ltr'>Pater,</span> <span class='ocrx_word' id='word_1_253' title='bbox 755 3223 819 3276; x_wconf 88' lang='lat' dir='ltr'>talis</span> <span class='ocrx_word' id='word_1_254' title='bbox 837 3224 930 3277; x_wconf 84' lang='lat' dir='ltr'>Filius</span> 
     </span>
     <span class='ocr_line' id='line_1_38' title="bbox 103 3241 930 3363; baseline 0 -17"><span class='ocrx_word' id='word_1_255' title='bbox 103 3241 224 3363; x_wconf 64' lang='lat' dir='ltr'>iiiiritus</span> <span class='ocrx_word' id='word_1_256' title='bbox 243 3299 369 3360; x_wconf 85' lang='lat' dir='ltr'>sanetus,</span> <span class='ocrx_word' id='word_1_257' title='bbox 382 3290 534 3358; x_wconf 85' lang='lat' dir='ltr'>inoreatus,</span> <span class='ocrx_word' id='word_1_258' title='bbox 553 3291 716 3356; x_wconf 90' lang='lat' dir='ltr'>immensus,</span> <span class='ocrx_word' id='word_1_259' title='bbox 738 3300 875 3361; x_wconf 85' lang='lat' dir='ltr'>aeternus,</span> <span class='ocrx_word' id='word_1_260' title='bbox 893 3308 930 3347; x_wconf 89' lang='lat' dir='ltr'>ou</span> 
     </span>
    </p>
   </div>
   <div class='ocr_carea' id='block_1_9' title="bbox 0 0 1130 3772">
    <p class='ocr_par' dir='ltr' id='par_1_10' title="bbox 0 0 1130 3772">
     <span class='ocr_line' id='line_1_39' title="bbox 0 0 1130 3772; baseline 0 0"><span class='ocrx_word' id='word_1_261' title='bbox 0 0 1130 3772; x_wconf 95' lang='lat' dir='ltr'> </span> 
     </span>
    </p>
   </div>
  </div>
 </body>
</html>
