2250 3772
384 245 437 310 De
459 246 609 313 clausula.
891 248 954 314 471

133 414 161 481 2.
181 413 269 478 Eum
285 415 404 515 probat
425 426 457 479 et
477 416 580 501 magis
600 427 753 501 provocat
773 416 815 480 ad
836 440 955 503 rogan-

86 508 296 583 m,etquas1
318 500 393 585 igne
414 511 579 565 excoctum
595 501 764 585 justiorem
786 523 823 566 ac
843 503 956 589 purio-

86 605 140 734 118
141 583 234 733 3faci13t
293 585 427 650 Hieron.
467 610 560 672 super
594 589 714 653 Hebae.
754 588 778 654 o.
804 589 830 651 1.
871 600 890 651 t.
923 589 953 656 6.

129 754 158 819 3.
182 751 287 840 Saepe
315 755 431 818 multos
458 754 550 818 Deus
578 777 643 818 non
670 756 799 820 exaudit
827 757 870 821 ad
897 779 955 822 vo-

86 847 209 917 rtatem,
231 852 267 904 ut
288 840 437 904 exaudiat
458 839 500 903 ad
522 838 664 906 salutem.
688 840 801 905 Isidor.
824 841 952 926 Hispal.

86 923 116 990 Β.
138 936 218 988 sent.
240 946 266 988 c.
289 925 317 989 7.
340 925 380 989 de
401 946 479 988 sum.
501 925 630 1011 bon.¹p.
651 926 725 992 460.
742 925 784 992 G.

128 1010 158 1075 4.
186 1007 270 1074 Cum
297 1009 470 1094 aliquando
498 1010 620 1073 tardius
649 1011 723 1087 dat,
752 1011 954 1076 commendat

86 1114 138 1171 na,
157 1117 224 1159 non
244 1105 348 1180 negat
373 1094 448 1159 Diu
466 1095 644 1159 desiderata
663 1096 787 1160 dulcius
807 1097 954 1160 obtinen-

86 1198 112 1254 r,
141 1178 205 1243 cito
228 1191 334 1243 autem
353 1180 428 1243 data
449 1179 613 1244 vilescunt.
656 1181 794 1267 August.
817 1181 837 1246 l.
861 1183 889 1248 1.
912 1181 952 1247 de

86 1262 130 1329 rb.
150 1263 247 1330 Dom.
268 1275 290 1330 t.
316 1264 363 1332 10.
384 1271 444 1330 col.
467 1264 516 1329 15.
537 1265 575 1328 Β.

128 1348 158 1415 5.
182 1347 352 1428 Quaedam
372 1350 468 1414 etiam
489 1372 555 1413 non
567 1360 735 1435 negantur,
756 1350 812 1415 sed
825 1359 862 1413 ut
876 1372 952 1414 con-

86 1452 126 1495 uo
147 1433 262 1499 dentur
281 1444 441 1520 tempore,
463 1435 662 1503 differuntur.
690 1432 777 1521 Aug.
801 1435 855 1498 Tr.
880 1435 951 1501 102.

102 1517 172 1586 Joh.
194 1530 261 1583 tom
293 1521 322 1585 9.
344 1521 401 1583 col.
422 1521 495 1585 498.
517 1520 560 1585 Ι).

131 1604 158 1668 6.
183 1603 388 1668 Providendo
410 1603 473 1668 illis
495 1605 586 1669 Deus
607 1605 756 1682 meliora,
778 1627 874 1688 quem
895 1627 952 1690 pe·
1070 1609 1072 1613 ’

86 1694 126 1763 nt,
144 1699 292 1754 reservat.
334 1687 447 1757 Isidor.
468 1688 490 1757 l.
514 1691 543 1754 3.
568 1701 646 1757 sent.
667 1713 693 1755 c.
717 1693 745 1758 7.
764 1713 795 1774 p.
817 1690 890 1754 460.
907 1687 951 1759 G.

131 1776 157 1839 7.
178 1775 248 1838 Aut
269 1773 352 1838 male
380 1774 516 1859 petiisti,
546 1788 600 1839 aut
621 1775 868 1859 inexplebiliter,
896 1784 952 1838 aut

86 1852 194 1935 rbles'te,
216 1870 272 1923 aut
293 1881 359 1923 non
380 1860 595 1924 conducibilia
613 1860 742 1948 petiisti,
762 1873 895 1923 autnon
915 1859 951 1922 in

86 1941 183 2009 atione
205 1945 427 2029 perseverasti.
449 1945 547 2009 Basil.
572 1945 730 2010 constitut.
752 1943 949 2012 exercitator.

103 2024 125 2092 1.
144 2039 216 2096 tom.
239 2030 269 2095 3.
294 2051 368 2114 pag.
392 2031 464 2097 626.

188 2182 260 2247 128.
307 2180 390 2262 Quid
409 2182 470 2266 piis
491 2183 540 2245 tis
561 2183 710 2266 agendum
731 2182 800 2247 est?

129 2280 313 2347 Instandum
332 2293 380 2347 est
401 2283 548 2368 exemplo
570 2282 701 2359 viduae,
720 2282 797 2347 Luc.
822 2281 878 2366 18,
901 2282 949 2347 in-

86 2360 221 2431 amenter
242 2368 445 2453 pulsandum,
460 2369 538 2432 Luc.
558 2369 604 2431 11.
643 2368 735 2431 Deus
757 2367 842 2431 enim
862 2368 950 2452 quod

86 2464 249 2517 *ncessurus
272 2464 329 2531 est,
350 2454 411 2516 etsi
433 2452 550 2530 differt,
570 2475 635 2516 non
657 2451 768 2518 aufert.
804 2452 891 2538 Aug.
914 2453 949 2518 in

86 2531 103 2592 '⁹-
123 2536 167 2602 66.
187 2549 263 2602 tom.
285 2539 314 2603 8.
335 2538 391 2602 col.
417 2540 488 2604 603.
509 2539 548 2603 B.
596 2536 735 2600 Etiamsi
761 2536 860 2620 igitur
879 2560 949 2602 mo-

86 2620 238 2715 refecerit
251 2622 420 2698 Dominus,
443 2634 592 2709 exspecta
612 2645 694 2699 eum,
716 2621 845 2685 veniens
862 2623 948 2687 enim

86 2716 156 2784 met,
175 2718 206 2772 et
228 2729 293 2771 uon
314 2707 463 2784 tardabit,
488 2709 611 2771 Hebae.
634 2707 665 2783 2,
686 2708 717 2772 3.

110 2822 192 2888 (Noa
210 2826 345 2895 desistas,
372 2827 460 2879 donec
480 2826 619 2893 accipias,
638 2826 834 2893 acamradus,
859 2827 948 2880 donec

86 2893 173 2962 vain,
193 2896 244 2947 aec
259 2894 382 2946 audium
402 2895 581 2963 intermittas,
599 2895 687 2947 donec
700 2894 780 2957 fores
798 2894 960 2948 recludere·-

86 2988 93 3001 ·
114 2960 257 3030 Chrysea,
270 2961 344 3019 hom.
357 2969 399 3019 24.
417 2962 448 3016 in
459 2962 558 3016 Matth.
578 2979 601 3016 c.
616 2969 639 3016 ἵ.
652 2968 716 3016 tom.
729 2967 752 3016 2.
767 2962 819 3016 col.
832 2967 890 3018 228.
902 2963 947 3033 B.)

119 3088 189 3155 129.
234 3090 301 3153 Cur
319 3092 419 3174 aliqui
432 3095 530 3176 plane
550 3115 611 3154 noa
634 3092 863 3155 exaudiuntur?
922 3083 924 3087 ¹

127 3190 154 3257 1,
183 3174 271 3271 Quia
297 3214 363 3256 non
390 3202 504 3278 petunt
535 3215 610 3257 vera
630 3191 665 3254 in
688 3189 852 3257 Christum
872 3194 946 3262 fide.

86 3272 155 3339 atio
179 3276 264 3341 enim
283 3299 366 3362 quae
387 3281 453 3342 nori
473 3279 510 3342 fit
529 3300 588 3364 per
610 3275 787 3356 Christum,
807 3302 873 3345 non
894 3303 948 3346 so·
