2250 3772
296 238 364 307 'De
383 243 460 311 VIL
483 242 646 330 petitione.
870 244 935 312 465

86 419 114 474 ut
131 411 269 476 maxime
291 410 405 478 iisdem
427 411 637 492 solicitemur‚
658 412 727 499 ipse
748 423 855 479 tamen
877 438 935 480 sua

92 496 213 582 'gratia
238 519 425 563 conservare
456 499 548 576 velit,
577 521 618 562 ne
644 497 872 563 tentationibus
901 509 935 564 et

86 582 283 667 gestianibus
302 581 441 648 Satanae
464 584 717 660 succumbamus,
739 585 796 648 sed
817 585 933 650 virtute

86 666 162 732 ritus
185 667 286 732 sanati
305 668 419 732 iisdem
444 669 646 747 resistamus,
676 669 805 734 tandem
825 670 933 735 vinca

86 775 152 817 sae
177 753 416 839 triumphemus.

226 921 292 986 aa
313 922 390 989 vn.
412 923 679 990 rammam.
704 902 707 907 ’

170 1074 240 1141 102.
283 1078 393 1140 Recita
414 1079 575 1162 septimam
592 1079 778 1162 petitionem.

102 1175 170 1241 Sed
192 1176 295 1247 libera
316 1199 375 1241 nos
397 1201 416 1240 a
436 1177 530 1241 malo.

86 1313 134 1379 33.
182 1310 341 1390 Quaenam
365 1308 411 1375 eat
425 1313 516 1395 hujus
532 1314 693 1399 petitionis
715 1312 886 1375 sententia?

103 1412 245 1479 Oramus
262 1411 322 1476 hac
339 1412 502 1500 petitione,
524 1424 676 1497 tanquam
691 1413 724 1477 in
740 1435 872 1490 summa,
892 1425 927 1478 ut

86 1519 115 1562 er
136 1509 246 1562 noster
267 1497 413 1563 coelestis
429 1498 544 1563 liberet
562 1521 621 1562 nos
637 1499 678 1562 ab
694 1499 842 1562 omnibus
860 1522 927 1564 ma—
976 1503 977 1506 ’

86 1606 123 1653 te
137 1582 288 1668 perieulis
318 1583 460 1668 eorporis
487 1594 518 1648 et
549 1584 689 1661 animae,
717 1584 929 1649 bonorumet

86 1691 174 1734 arum
185 1692 194 1744 3
228 1678 260 1731 et
279 1679 315 1733 ut
333 1669 478 1746 tandem,
505 1691 578 1733 cum
599 1668 678 1733 hora
699 1669 809 1733 mortis
831 1692 927 1733 vene-

101 1753 229 1823 felieem
250 1753 334 1818 vitae
356 1754 475 1818 exitum
504 1754 597 1818 nobis
624 1753 778 1839 largiatur
805 1776 927 1838 nosque

97 1861 156 1902 sua
177 1838 316 1923 gratuita
336 1839 479 1903 bonitate
499 1862 539 1903 ex
557 1840 617 1903 hac
633 1838 831 1902 miseriarum
844 1839 927 1903 valle

86 1945 113 1988 ie
134 1923 169 1987 in
195 1924 319 1987 eoelum
342 1924 483 2009 recipiat,

118 2075 189 2142 104.
237 2075 321 2155 Quid
340 2078 520 2162 inteiliqitur
541 2077 590 2139 iaie
607 2098 666 2160 per
685 2074 828 2169 malum?
924 2080 928 2087 '

100 2175 170 2242 Sub
193 2177 274 2239 maie
294 2176 346 2240 hic
367 2177 677 2263 comprehenduntur
698 2176 820 2253 omnia,
864 2201 925 2244 uae

86 2282 144 2345 luo
166 2261 262 2325 modo
284 2261 467 2326 hominibus
494 2262 579 2326 mala
604 2272 694 2338 sunt,
724 2262 823 2327 veluti
879 2263 926 2328 ia

86 2369 118 2425 is,
139 2357 315 2432 peccatum,
338 2370 434 2423 mors,
456 2347 521 2410 sive
544 2349 728 2430 temporalis,
750 2371 833 2431 quae
856 2372 924 2414 om-

94 2431 222 2518 generis
256 2432 461 2496 adversitates
492 2433 677 2515 conjunctas
710 2432 820 2510 habet,
857 2435 924 2499 sive

86 2541 147 2594 ma,
162 2538 245 2600 quae
260 2528 308 2581 est
322 2517 515 2604 sempiterna
528 2517 738 2605 reproborum
753 2518 924 2587 damnatio,

86 2668 158 2735 105.
206 2666 286 2746 Quid
306 2671 401 2753 iqitur
418 2673 554 2755 petimus
575 2671 633 2733 liae
648 2671 848 2754 precatione?

100 2769 184 2832 Tria.
208 2770 236 2833 1.
259 2769 308 2834 Ut
328 2769 419 2833 Deus
440 2794 497 2834 nos
519 2773 560 2834 ab
583 2771 670 2835 omni
692 2772 775 2835 malo
797 2772 921 2852 liberet,

86 2858 99 2912 t
118 2852 246 2917 felicem
265 2854 369 2931 nobis,
390 2877 463 2919 eum
484 2857 562 2919 hara
582 2856 692 2920 mortis
707 2857 837 2936 venerit,
858 2858 921 2924 lar·

86 2956 118 3000 ur
138 2937 269 3016 exitum,
292 2940 320 3004 3.
341 2951 377 3002 ut
397 2963 455 3004 nos
478 2963 519 3005 ex
536 2941 596 3006 hae
617 2941 815 3005 miseriarum
836 2944 919 3009 valle

86 3040 108 3085 te
128 3021 162 3086 in
182 3023 308 3087 eoelum
329 3024 469 3111 recipiat.

177 3173 248 3242 106.
294 3174 360 3240 Cur
375 3180 530 3261 petimus:
553 3179 648 3241 libera
668 3177 752 3241 nos?

94 3271 181 3354 Quia
213 3297 396 3369 communes
429 3278 635 3342 adversitates
663 3277 918 3359 christianorum,

726 3385 753 3430 aa

947 3436 1020 3544 Γ
