2250 3772
286 282 290 289 .
387 229 440 295 De
462 227 625 296 electione.
896 230 959 303 411

86 395 129 451 aia
145 396 180 451 in
197 395 341 467 evangelio
360 397 475 451 offertur
492 395 529 451 ad
545 401 670 449 nostram
687 394 812 464 sulutem,
831 396 901 451 illud
918 414 960 455 re-

86 463 137 521 trit
156 463 261 533 fidem,
277 465 344 520 Joa.
364 468 411 532 20,
428 468 473 521 31.
512 465 601 545 Atqui
652 463 709 518 atis
728 464 780 519 liei
804 465 834 518 in
852 465 960 523 Christo

86 551 95 587 .-
119 539 151 589 et
173 539 291 615 propter
316 534 445 589 meritum
468 532 570 588 Christi
595 550 613 587 a
654 533 740 586 vitam
765 539 906 589 aeternam
931 534 962 593 in

86 602 199 725 2333)
211 601 314 736 lumbib
308 603 345 657 ad
363 602 483 683 salutem
500 607 634 725 rppetrappa
640 601 770 725 ⁰gelt¹¹rt
785 606 811 658 2.
832 604 958 725 {hiscem

127 712 134 727 .
237 712 243 728 .
405 688 463 725 mm
577 688 594 724 a
679 687 705 725 er
723 688 789 725 univ
871 690 884 725 s

86 738 150 795 trito
165 712 288 797 citati?
312 687 456 795 bli⁸llaeest
482 688 635 811 sfirggroec
651 688 832 809 justificatior.⁵
857 738 890 795 Ε.
901 689 960 796 iiii

86 807 178 864 teatio.
214 806 247 862 E.
268 825 320 864 nec
337 809 444 864 electio.
475 808 516 862 At
532 808 659 863 meritum
672 807 773 863 Christi
794 809 861 879 qnid
879 809 960 879 prod·

86 880 110 961 t,
126 876 182 933 nisi
201 894 218 931 a
237 876 375 948 plicetur?
409 877 555 958 Applicari
578 883 670 931 autem
691 876 771 931 nobis
788 894 844 932 non
861 882 961 948 potest,

86 962 108 998 m
187 895 279 1003 fidius
296 946 330 1001 Ε.
366 948 477 1001 strunt
499 951 584 1017 rgrtur
604 945 779 1011 Caluisium,
806 945 853 1017 qui
879 945 963 1002 fidem

86 1029 92 1065 ;
131 1012 261 1076 sotionis,
280 1031 363 1084 quam
379 1031 454 1071 mere
474 1014 627 1069 absolutam
644 1013 766 1084 fingunt,
785 1022 851 1069 actu
870 1015 900 1068 in
920 1032 963 1071 so·

86 1080 143 1137 lum
158 1082 347 1153 proscribunt,
368 1089 397 1139 et
420 1083 461 1138 sic
482 1084 573 1137 allatis
592 1083 755 1137 testimonis
773 1084 962 1138 executionem

86 1156 193 1207 murat
209 1151 360 1218 electionis,
378 1168 449 1222 qnae
466 1151 517 1206 fiat
532 1151 670 1206 mediante
686 1151 757 1219 fide,
775 1153 865 1206 notari
883 1152 963 1207 dicti·

86 1225 129 1273 tat
169 1219 243 1284 Quin
269 1227 297 1275 et
323 1220 489 1275 sententiam
514 1236 622 1287 eornm,
650 1220 699 1290 qni
725 1220 778 1274 hoe
806 1221 961 1286 adstruunt,

127 1287 133 1300 '
163 1289 353 1359 blasphemam
376 1306 436 1345 esse
457 1290 487 1343 in
511 1290 616 1357 Deum,
642 1306 726 1359 quam
749 1288 962 1360 Pelagianorum

86 1302 301 1435 tibbphistarum
328 1357 438 1411 illorum
467 1357 746 1428 praedestinationem
775 1376 808 1412 ex
835 1358 962 1428 praevisa

86 1422 121 1478 ule
134 1431 158 1480 et
173 1427 308 1507 praevisis
327 1427 456 1496 operibus
474 1427 587 1483 factam.
624 1427 731 1480 Zanes.
748 1425 796 1482 lib.
816 1433 839 1481 5.
860 1428 895 1481 de
913 1443 961 1483 nu·

86 1494 121 1545 bn.
134 1495 189 1576 Der,
206 1512 231 1550 e.
251 1500 275 1550 2.
315 1501 362 1550 ,3.
379 1501 399 1551 t.
418 1500 441 1550 2.
459 1495 511 1550 eol.
525 1500 584 1550 484.
619 1494 660 1548 At
679 1494 819 1549 distinctio
839 1495 910 1550 baec
928 1513 961 1550 cx

86 1513 364 1679 {neSenpturaeloco
384 1563 505 1618 hausta?
537 1563 623 1619 Nobis
643 1570 671 1618 et
691 1563 833 1618 electionis
845 1570 873 1618 et
890 1565 961 1644 ejus·

86 1641 130 1705 ¹un
143 1639 305 1687 executionis
324 1633 437 1686 eaedem
451 1637 562 1686 omnino
575 1648 675 1686 causae
689 1639 761 1686 sunt.
789 1632 962 1688 Contrarium

86 1695 118 1748 flii
131 1715 160 1753 er
177 1700 320 1771 Scriptura
339 1701 537 1756 demonstrent.
567 1701 649 1754 Niln'l
667 1702 756 1754 obstat
771 1707 794 1756 1.
807 1701 881 1783 quod
893 1700 962 1756 fides

86 1768 184 1835 nouauit
201 1769 303 1825 intem
323 1787 385 1839 ore,
403 1769 500 1824 electio
521 1775 614 1824 autem
628 1768 664 1823 ab
679 1778 789 1824 aeterno
802 1769 964 1839 srmpliciter

86 1828 193 1902 absolute,
213 1837 274 1893 sine
291 1857 309 1893 u
331 1855 348 1892 a
366 1855 478 1908 prorsus
497 1838 652 1892 conditione
665 1837 748 1893 facta.
780 1837 963 1894 Zaccaibid.

86 1898 122 1953 tol
135 1910 185 1963 483.
218 1904 302 1961 Licet
320 1907 394 1961 enim
412 1907 480 1962 fides
497 1906 642 1977 proveniat
661 1906 690 1960 in
710 1914 845 1976 tempore,
871 1913 963 1961 tamen

86 1972 210 2028 nendum
228 1975 353 2046 ejusdem
369 1976 576 2045 praenotionem
593 1976 691 2029 electio
709 1975 744 2028 ab
756 1983 867 2029 aeterno
879 1975 954 2029 faeta

86 2038 179 2099 10Petr.
199 2050 228 2112 1,
247 2048 297 2113 20,
316 2045 396 2114 cujus
415 2045 629 2114 praescientiae,
654 2050 782 2113 respectu
802 2043 868 2109 Dei,
893 2015 963 2097 nihil

86 2100 189 2176 buum,
208 2113 257 2166 sed
275 2113 367 2168 omnia
383 2113 448 2167 inde
466 2113 502 2167 ab
518 2119 630 2168 aeterno
648 2121 712 2166 sunt
751 2111 961 2180 raesentissima,

86 2174 174 2238 &Pota
182 2184 208 2250 3,
216 2185 240 2235 8.
275 2182 358 2235 Nihil
376 2183 467 2235 obstat
485 2188 509 2237 2.
523 2182 597 2253 quod
615 2180 684 2235 fides
702 2198 717 2235 e
740 2187 840 2250 ectum,
856 2181 963 2236 fructus

86 2246 275 2322 tincomequens
295 2249 435 2305 electionis
455 2256 505 2305 est.
541 2250 621 2303 Idem
638 2249 706 2304 ibid.
726 2250 778 2307 eol.
798 2256 856 2304 484.
894 2250 964 2306 Inde

86 2322 140 2367 mn
154 2336 204 2373 non
222 2319 360 2389 sequitur,
384 2320 458 2390 quod
476 2336 530 2373 non
548 2318 636 2388 possit
653 2319 776 2388 ejusdem
796 2336 856 2374 esse
872 2335 964 2385 causa

86 2390 133 2456 m
144 2391 287 2458 utrumque
303 2387 348 2455 sit,
365 2387 415 2442 sed
435 2387 541 2443 diverso
560 2395 694 2457 respectu.
723 2388 842 2442 Fructus
854 2388 964 2445 electio·

86 2450 178 2527 'ltdici
194 2462 285 2526 potest
303 2463 415 2526 propter
432 2473 481 2525 pro
502 2456 601 2510 ositum
620 2456 687 2515 Dei.
712 2463 847 2527 quatenus
864 2457 893 2510 in
912 2458 965 2512 ele·

86 2518 161 2577 monn
178 2524 288 2579 decreto
307 2540 357 2594 per
374 2475 512 2595 evangelii
524 2524 756 2593 praedicationem
773 2541 802 2579 se
819 2524 902 2579 fidem
920 2541 964 2578 ac·

86 2595 205 2647 murum
223 2593 352 2648 decrevit.
381 2592 474 2647 Causa
490 2609 556 2647 vero
569 2598 706 2665 quatenus
720 2594 802 2648 fidem
821 2611 854 2648 ex
870 2593 966 2648 eadem

86 2661 430 2784 ffptprosfflpmelpiidens
458 2662 560 2785 eligere
587 2661 716 2786 {eerpvip
756 2662 809 2785 Nlil
822 2663 916 2786 psbgtat
940 2666 965 2716 ³.

263 2770 269 2783 .
359 2741 497 2787 eme.·.
547 2748 572 2786 u.
614 2772 619 2784 .
665 2772 671 2784 .
713 2748 802 2785 .co.
890 2746 966 2784 se.

86 2769 202 2853 F*leniri
220 2797 323 2855 elencb
348 2799 487 2869 phraseos.
528 2748 703 2852 quedcbont
727 2807 860 2868 quotquot
886 2747 967 2852 aaliz

86 2860 201 2936 adnati,
231 2884 288 2921 non
315 2866 444 2922 absoluto
475 2868 605 2928 decreto,
644 2868 692 2923 sed
720 2876 794 2923 certo
824 2867 920 2921 ordino
949 2883 966 2921 a
1079 2863 1080 2866 ’

86 2918 131 3003 ⁰9⁰
150 2935 295 2990 constituto
320 2935 460 2993 destinati.
497 2935 573 2991 Ordo
590 2943 684 2991 autem
708 2935 755 2991 ille
778 2935 891 3006 respicit
909 2951 965 2989 mo·

86 2988 121 3049 l!
141 3002 266 3061 divinitus
294 3003 437 3068 instituta,
474 3022 524 3074 per
554 3022 625 3076 quae
653 3006 682 3058 in
712 3004 869 3058 hominibus
895 3003 966 3057 ordi·

86 3072 133 3139 ψ
149 3070 228 3127 istum
250 3072 462 3127 observantibus
487 3073 606 3142 Spiritus
631 3078 742 3127 sanctus
763 3071 846 3127 iidem
871 3088 967 3127 accen·

86 3124 128 3197 dag
142 3136 191 3195 ista
205 3159 272 3197 vero
286 3147 448 3212 respuentes
458 3140 486 3195 in
498 3141 692 3197 incredulitate
704 3158 754 3195 sua
766 3141 966 3212 relinquuntur.

86 3194 149 3272 ,m
164 3211 254 3265 oinct
271 3216 296 3266 4.
313 3210 389 3281 quod
406 3209 504 3265 electio
523 3218 565 3266 est
616 3211 712 3279 atuita,
731 3216 759 3264 et
770 3209 810 3265 sic
820 3226 872 3265 nec
883 3208 967 3264 fidem

86 3266 200 3336 Qum
215 3278 313 3351 possit.
349 3280 457 3335 Zoara.
476 3279 559 3352 alleg.
592 3286 645 3335 .5.
662 3296 685 3334 e.
705 3285 729 3335 1.
752 3296 779 3349 q.
798 3285 822 3336 3.
840 3279 890 3336 col.
908 3284 966 3335 484.
