2250 3772
150 298 214 366 306
287 295 395 383 Caput
414 296 458 364 11.
500 298 553 362 De
572 298 720 383 symbolo
742 298 928 385 apostolico.

149 487 185 592 u
262 466 410 606 tutu
428 466 971 530 m

149 609 261 661 Errant
278 604 363 676 igitur
380 619 394 656 e
415 601 602 672 Catoniana,
646 605 673 657 ui
699 621 749 674 per
771 605 921 661 sessionem
937 606 972 661 sd

149 681 221 729 tram
234 674 288 728 Dei
304 691 360 728 non
378 672 551 741 majestatem
571 679 599 726 et
617 620 733 742 gloriam
751 691 816 730 vere
834 674 976 729 divinamu

149 743 266 812 linitam,
284 741 334 796 scd
350 743 503 811 proximam
520 757 538 795 a
556 742 702 811 majestate
712 742 766 797 Dei
790 742 976 816 dignitatemr

149 813 189 866 sic
207 816 328 866 creatam
349 818 377 864 et
393 807 499 862 finitam
518 809 727 880 intelligendam
745 827 820 881 esse,
845 812 929 883 impie
945 827 976 867 co

149 882 228 935 dunt
263 879 337 935 Vide
358 877 442 932 Solu.
469 895 543 947 supr.
563 879 668 932 Psalm.
684 882 727 933 10.
754 885 775 934 t.
794 886 818 938 3.
842 896 906 952 pag.
926 887 950 937 l.

66 1010 70 1015 ,
148 966 226 1021 exeg.
249 948 370 1018 August.
393 946 509 1000 confess.
533 952 584 1003 art.
610 953 634 1002 3.
657 952 676 1000 t.
699 954 723 1002 2.
752 967 780 1017 p.
797 954 856 1006 278.
895 950 976 1003 Pisce

151 1022 218 1071 Luc.
237 1033 260 1071 c.
283 1019 332 1079 22,
350 1018 392 1069 69,
417 1032 444 1084 p.
466 1021 525 1070 482.
564 1016 665 1079 Omnia
688 1016 779 1070 allatis
801 1017 959 1088 Scripturas

148 1085 247 1141 moniis
265 1088 294 1140 et
311 1086 430 1154 August.
446 1084 610 1139 confessioni
624 1101 640 1138 e
654 1084 788 1140 diametro
802 1086 946 1142 contraria
966 1086 976 1139 l

150 1156 249 1211 dextra
266 1153 433 1223 majestatis,
460 1153 558 1206 dextra
574 1154 730 1223 potentiae.
748 1155 864 1209 thronus
881 1155 976 1227 glorias

148 1224 273 1295 proxima
289 1222 420 1291 majestas
433 1221 505 1275 Dei?
529 1221 617 1276 Estne
628 1229 742 1277 aeterna
754 1229 886 1293 potestas,
906 1222 976 1278 domi

148 1311 179 1347 su
201 1307 348 1348 eromnem
361 1289 447 1358 princi
469 1295 552 1354 atum,
571 1291 782 1346 dominationem
795 1298 841 1348 etc
860 1293 976 1362 potentia

149 1362 158 1415 i
191 1361 282 1416 eriort
307 1359 403 1413 Absit!
461 1374 491 1410 ec
509 1360 600 1413 obstat
618 1360 773 1430 exemplum
791 1361 976 1426 Bathsebae,t

148 1431 257 1485 lomene
275 1429 311 1482 ad
329 1429 454 1482 dextram
471 1444 558 1497 suam,
576 1427 629 1482 hoc
646 1436 696 1498 est,
714 1430 856 1499 superiore
871 1428 976 1485 honoris

149 1498 309 1561 collocatae,
329 1500 346 1548 1
372 1498 440 1567 Ray.
460 1500 485 1562 2,
505 1500 547 1550 19.
580 1497 663 1551 Setun.
684 1514 761 1569 exeg.
779 1505 823 1552 art
844 1505 867 1553 3.
887 1516 912 1568 p.
927 1504 976 1553 tiu

149 1566 274 1621 Meduli.
295 1565 404 1620 Cuteclu
442 1582 467 1618 u.
486 1570 529 1621 45.
559 1565 723 1635 Sctdnfeld.
742 1569 769 1620 in
790 1566 914 1623 concion.
932 1572 971 1623 21.

147 1635 291 1705 Marpurg.
307 1633 395 1689 habit.
452 1633 488 1686 id.
507 1651 617 1705 quoque
629 1634 721 1689 motiv.
733 1634 853 1709 theolog.
865 1635 954 1692 Giess.
969 1650 976 1705 1

148 1722 210 1759 ann
231 1709 303 1759 16⁰6.
329 1703 387 1757 edit
433 1702 484 1756 Est
508 1702 581 1756 enim
605 1703 635 1755 in
658 1704 753 1758 eodem
779 1704 883 1759 elench.
905 1722 962 1760 com

58 1794 68 1801 ·
152 1781 173 1828 1.
193 1772 321 1829 Salomon
340 1777 455 1825 matrem
475 1786 530 1824 non
546 1771 653 1825 extollit
672 1772 708 1825 ed
726 1773 937 1840 dominatum,s

147 1843 202 1898 lem
221 1848 330 1896 tantum
349 1841 374 1895 ei
393 1841 532 1907 honorem,
550 1857 582 1894 ex
601 1841 772 1910 praescripto
793 1842 887 1913 quarti
905 1856 976 1912 praet

148 1910 267 1967 exhibet.
301 1915 324 1964 2.
337 1909 480 1963 Bathseba
495 1925 550 1961 non
568 1907 598 1961 in
614 1909 705 1978 ipsum
721 1909 851 1964 thronum
872 1911 974 1979 regium

147 1998 165 2034 a
182 1981 269 2035 latere
287 1978 360 2049 regis
381 1977 504 2048 proximo
517 1977 651 2031 collocata
661 1985 710 2034 est.
734 1979 774 2032 At
785 1979 912 2033 Christus
924 1977 976 2048 ini1

147 2049 277 2101 thronum
304 2047 457 2116 majestatis
483 2045 593 2099 divinae
617 2046 766 2100 collocutus
791 2053 847 2114 est,
875 2048 957 2101 Hebr.

151 2118 262 2169 Errant
280 2132 314 2169 ex
330 2115 427 2168 iisdem
445 2121 468 2170 2.
488 2114 536 2184 qui
553 2130 604 2183 per
622 2115 746 2169 dextram
765 2116 964 2171 beatitudinem

148 2189 227 2238 taxat
244 2184 392 2237 coelestem
405 2181 571 2253 intelligunt.
600 2183 645 2239 Sic
658 2185 730 2238 enim
742 2185 820 2238 nulla
832 2186 905 2241 inter
916 2183 976 2241 curt

147 2251 295 2306 etelectus
313 2250 418 2321 reliqua
436 2258 508 2304 esset
526 2250 690 2319 differentia,
709 2269 772 2306 cum
786 2261 814 2307 et
828 2252 927 2308 horum
937 2270 976 2308 cor

145 2319 391 2390 transfiguraturus
409 2318 445 2371 sit
462 2318 499 2372 ad
515 2319 722 2374 similitudinem
739 2322 873 2376 claritatis
891 2338 963 2389 suec,

146 2388 188 2457 tt'p
213 2433 219 2445 .
239 2395 271 2455 3,
290 2391 335 2440 21.
373 2388 460 2458 Atqui
479 2387 603 2442 Christus
626 2406 682 2444 non
701 2390 789 2443 solum
810 2388 976 2446 aeternaml

146 2462 178 2511 tu
200 2457 271 2511 inem
289 2455 428 2526 ingressus
446 2463 502 2523 est,
527 2457 576 2511 sed
599 2462 627 2512 et
650 2458 686 2511 ad
707 2459 832 2513 dextram
849 2460 904 2515 Dei
921 2475 976 2515 conr

145 2527 241 2580 More.
262 2529 303 2589 16,
324 2528 363 2593 19,
381 2525 454 2595 quod
473 2525 543 2578 nulli
559 2542 595 2579 an
617 2527 720 2581 elerum
737 2528 864 2598 contigit,
884 2529 976 2583 Ebc!

144 2613 200 2650 non
217 2594 347 2662 Henoch‚
366 2612 422 2648 non
439 2593 531 2649 Eliae.
553 2544 639 2648 multo
659 2596 749 2649 minus
767 2596 871 2650 homini
888 2597 941 2652 alii.
971 2594 976 2648 j

145 2681 217 2736 quae
245 2663 454 2731 depravationes
480 2662 618 2717 evidentia
650 2665 869 2719 testimoniorum
895 2664 976 2735 Script

145 2731 293 2805 dijudicari
311 2737 339 2786 et
356 2730 471 2786 refutari
489 2731 572 2785 facile
584 2736 720 2801 possunt.)

144 2831 175 2895 9.
208 2828 380 2895 Secundum
401 2842 495 2909 quum
516 2839 661 2889 staturam
686 2826 826 2892 Christus
849 2832 893 2895 od
913 2831 976 2894 dest

437 2910 503 2974 Det
522 2912 673 2974 trahatur
693 2910 758 2974 est?

228 2995 412 3062 Secundum
426 3017 495 3057 eam
514 3006 668 3071 naturam,
688 2995 862 3059 secundum
902 3018 970 3061 uam

142 3093 211 3160 tus,
231 3103 361 3168 passus,
383 3079 567 3156 crucifixus,
598 3093 740 3144 mortuus
763 3094 792 3144 et
814 3019 966 3181 sepuiltus,

141 3167 285 3250 surrexit,
302 3167 348 3230 ad
369 3163 476 3229 coelos
498 3165 649 3241 ascendit,
670 3176 703 3229 et
722 3165 857 3231 exultari
876 3165 971 3253 potuit

142 3251 226 3318 enim
243 3251 349 3317 series
377 3249 581 3315 articulorum
609 3250 683 3313 fidei
704 3250 745 3313 ad
767 3252 896 3317 oculum
916 3253 976 3318 dem

141 3348 227 3404 strat.
265 3335 368 3420 Atqui
390 3335 564 3400 secundum
585 3347 780 3420 assumptam
799 3337 965 3403 humanam
