2250 3772
106 221 172 287 334
240 219 350 305 Caput
369 219 413 286 11.
455 220 508 285 De
529 220 677 306 symbolo
699 218 884 306 apostolico.

107 388 219 445 stifiouri
237 388 359 443 affirmat
376 387 525 458 spostolus,
543 389 626 442 Rom.
639 392 667 455 3,
681 392 727 443 20.
760 388 850 453 Quem
867 382 984 445 locum'u·

108 458 211 530 telligit
230 458 266 513 de
284 458 347 529 lege
364 456 463 511 morali
481 458 671 526 Aliquotiens,
697 456 779 528 epist.
798 464 858 515 2⁰0.
883 464 903 513 t
918 462 939 513 2.
952 448 986 511 tl

109 533 168 585 815.
183 531 215 582 l).
236 527 301 582 item
323 525 358 581 de
377 526 443 595 spii.
460 531 489 580 et
507 525 547 579 lit.
567 542 590 579 c.
611 530 635 579 8.
656 531 677 581 t
696 531 721 581 3.
740 526 792 581 col
806 526 908 585 tlt-A
939 522 987 581 oi

107 601 233 651 trevere
254 596 289 649 de
306 594 480 649 ceremonisli
498 594 698 664 interpretetur
709 596 874 665 Hieronym.
884 592 988 665 σιμαὶ

107 666 144 721 sd
164 665 281 720 Romt
303 670 328 719 9.
346 663 397 719 col
419 662 524 719 272.ss
551 669 579 717 et
603 680 663 731 sup.
688 680 711 717 c
730 670 755 719 2.
777 664 815 719 sd
839 663 925 719 Galat
943 662 987 717 tl.

108 734 160 790 col.
178 739 237 789 346.
256 732 292 789 D.
313 737 365 787 etc.
404 731 478 795 Quid
498 738 557 786 tum
578 732 694 801 postes?
731 731 778 788 Sic
795 740 820 789 5.
838 749 889 787 nec
906 740 991 787 rosim

107 804 181 858 foret
200 817 267 855 vers
284 799 409 867 ecclesie,
427 800 457 853 iii
477 816 533 870 qus
554 806 576 855 1.
593 802 828 870 ceremoniarum,
846 799 991 855 ordinumd

108 871 268 942 regularum
286 869 430 939 multiplex
448 876 491 923 est
509 869 662 925 diversitas.
700 876 723 926 2.
742 868 992 940 Supemtitionumtt

110 940 272 1010 dogmatum
284 955 299 993 e
313 937 445 991 diametro
460 938 644 1008 pugnantium
657 938 791 993 colluvies
800 936 992 1017 venenatissiut

129 1008 184 1062 uod
204 1009 248 1062 vel
268 1025 302 1064 ex
320 1023 375 1060 uno
389 1007 453 1075 jure
474 1006 608 1061 canonico
626 1013 743 1062 constat
774 1006 849 1063 Vide
860 1004 993 1061 conmditt

107 1026 213 1133 auctor.
230 1075 331 1146 pontif.
352 1078 390 1129 D.
404 1076 502 1144 Puppi
519 1092 569 1145 per
588 1080 636 1129 tot
675 1078 756 1130 Nota
772 1076 833 1131 hic:
852 1092 914 1130 cum
930 1072 992 1129 sctit

108 1147 150 1200 sia
175 1162 232 1199 non
258 1144 312 1198 nisi
331 1160 445 1198 numero
464 1160 521 1197 uiis
538 1144 587 1212 sit,
615 1151 741 1214 peietsiit
755 1145 868 1199 omnino
884 1142 994 1199 utonis

107 1214 278 1285 theologice:
308 1220 330 1268 1.
350 1221 430 1267 cetra
456 1213 604 1266 ecclesium
621 1232 678 1267 noti
698 1222 739 1267 cst
758 1215 848 1271 salus.
887 1212 994 1283 coprus

108 1284 144 1338 de
167 1282 298 1337 haeretic.
322 1281 481 1351 baptizand.
505 1281 542 1334 cd
565 1280 671 1339 Julian.
688 1300 716 1352 p.
735 1287 794 1338 325.
834 1288 860 1340 2.
878 1282 993 1350 Nmpe

109 1360 150 1407 eet
169 1353 271 1405 labere
287 1354 381 1405 Deum
397 1351 530 1412 Patrem,
555 1350 605 1418 qui
621 1351 769 1404 ecclesiam
788 1369 845 1404 nois
863 1350 939 1405 liutet
953 1362 993 1402 iiie·

110 1429 188 1475 trem
222 1421 305 1473 Idem
317 1418 352 1471 de
365 1418 455 1488 simpl.
467 1419 582 1487 praelat.
598 1426 686 1489 pruct.
699 1425 722 1475 3.
744 1437 771 1490 p.
786 1426 845 1477 tot.
873 1414 993 1489 ispius

106 1490 155 1546 lib.
182 1498 207 1544 4.
233 1489 268 1542 de
292 1488 409 1557 symbol.
432 1488 470 1540 ed
490 1487 632 1543 catech.c
658 1494 697 1542 io.
724 1494 746 1545 t.
767 1494 792 1544 9.
812 1488 866 1544 col.
889 1480 994 1545 nest

109 1556 165 1613 Sed
189 1574 261 1611 enne
285 1555 447 1611 romanum?
485 1555 660 1611 Ridiculum!
705 1562 730 1614 3.
752 1558 887 1611 Ecclesia
903 1566 992 1637 pert*

108 1626 229 1680 sentiam
246 1644 304 1678 una
330 1626 359 1678 in
385 1625 492 1694 specics
512 1626 652 1691 distinqui
669 1643 726 1679 eois
740 1632 845 1695 potest.
883 1623 927 1681 Sic
943 1620 993 1679 euin

109 1713 165 1750 non
185 1711 241 1749 une
259 1694 307 1748 scd
327 1695 446 1765 gemine,
465 1693 520 1748 imo
539 1694 685 1765 multiplex
702 1694 782 1749 foret
812 1695 914 1766 Itaque
931 1698 953 1748 4.
965 1702 992 1742 κ·

108 1766 231 1819 cundum
249 1765 348 1817 modos
368 1765 505 1816 duntaxat
522 1771 606 1831 utque
624 1771 766 1884 reopectus
780 1764 908 1817 diuersos
918 1758 992 1815 eet*

109 1835 228 1889 ctionem
244 1833 377 1886 admittit.
407 1830 454 1887 Sic
474 1831 561 1902 igitur
581 1837 602 1887 1.
614 1848 662 1886 ecc
673 1831 731 1886 esis
742 1831 788 1887 vel
799 1837 844 1885 est
855 1848 927 1899 vers,
958 1838 993 1881 use
1039 1896 1041 1901 Ι

108 1909 152 1957 est
167 1903 235 1971 Dei3
255 1902 300 1955 vel
317 1899 396 1968 fulss,
414 1916 487 1969 quae
504 1904 548 1953 est
564 1900 784 1972 malignantium,
800 1902 909 1955 Piclm.
926 1847 963 1965 22,
974 1894 993 1945 ὅ·
1038 1933 1041 1970 1

107 1971 153 2027 De
173 1989 229 2043 qua
248 1970 301 2024 hoc
321 1969 441 2024 axioma:
458 1969 621 2037 inplicent
639 1970 808 2033 insectata,
827 1972 881 2023 ced
891 1966 993 2023 eoum
1038 1984 1041 2029 ι

109 2043 145 2095 dc
163 2040 298 2104 ecclesia,
317 2039 370 2093 hoc
388 2043 444 2105 est,
469 2053 525 2091 non
544 2044 609 2092 sunt
625 2055 692 2094 vere
711 2043 740 2093 et
757 2037 821 2092 vive
840 2037 954 2117 membtt
965 2044 993 2087 ω·
1038 2031 1041 2136 i

108 2109 224 2178 elesiae3
250 2107 315 2178 quie
340 2106 496 2161 communio
521 2124 577 2160 non
595 2107 687 2161 existit
707 2107 735 2160 in
755 2113 872 2162 exterus
890 2102 993 2162 meost
1039 2140 1041 2177 Ι

109 2182 228 2243 tentum,
245 2176 294 2230 sed
312 2175 462 2255 praecipue
480 2176 509 2229 iii
528 2174 595 2230 fidei
612 2182 640 2230 et
651 2175 765 2256 spiritus
775 2176 892 2233 unitate.
920 2180 943 2231 2.
956 2168 992 2225 Bt·
1038 2200 1041 2231 i

108 2244 183 2299 tione
203 2243 332 2313 subjecti,
352 2242 407 2298 loci
426 2250 454 2298 et
471 2249 561 2299 status
579 2245 697 2300 ecclesis
714 2261 781 2299 vers
799 2252 842 2299 est
859 2244 903 2299 vel
919 2241 992 2299 tntis·
1038 2252 1041 2305 Ι

104 2314 208 2384 pliciis,
225 2312 371 2367 beatorum
391 2311 498 2366 scilicet
517 2312 546 2365 in
566 2313 649 2367 coelis
677 2312 830 2368 viventium
854 2320 885 2368 ct
907 2312 939 2367 de
954 2321 992 2363 ou·
1039 2316 1041 2385 ξ

108 2382 190 2436 nibus
208 2380 332 2434 adversis
350 2385 378 2434 et
395 2379 521 2435 hostibus
540 2382 597 2435 suis
623 2381 759 2452 superatis
777 2382 861 2436 trium
881 2378 993 2437 huntio}
1038 2398 1041 2413 ¹

107 2450 153 2505 vel
170 2449 305 2512 militane,
322 2449 446 2502 fidelium
464 2450 591 2504 interris
611 2450 847 2505 edbuoudversus
890 2448 994 2505 isboliu
1039 2502 1041 2514 ,

106 2519 259 2585 mundum,
288 2523 433 2587 peccatum
457 2524 485 2571 et
504 2535 615 2573 carnem
632 2518 820 2575 militantium.
859 2525 883 2574 3.
901 2514 994 2572 esuis
1037 2528 1041 2599 p

107 2589 311 2659 adjunctorum,
329 2587 451 2640 militene
468 2586 514 2640 vel
532 2593 574 2641 est
590 2588 710 2641 visibilis
721 2604 824 2651 eorum,
841 2587 890 2660 qui
901 2584 995 2664 incootl
1038 2604 1041 2651 i

108 2663 268 2713 vocatorum
289 2662 450 2722 versantur,
473 2656 530 2710 sive
554 2655 593 2725 pii
612 2656 669 2709 sint
686 2655 745 2712 sive
762 2656 858 2726 impii3
881 2656 920 2711 sic
940 2653 995 2707 disti

108 2744 142 2782 ex
162 2728 285 2795 edjunct
306 2725 342 2779 ob
362 2724 596 2794 praedicationem
618 2725 712 2792 verbi,
737 2743 818 2780 usum
835 2722 995 2780 iscismeult

105 2813 182 2864 rum,
212 2795 282 2848 ritus
307 2793 507 2848 ecclesiasticos
533 2800 562 2847 et
579 2800 689 2847 coetum
712 2794 855 2847 hominum
874 2789 995 2849 vuibdm

107 2881 179 2936 ‘¹³⁸⁰
196 2859 997 2997 ltttbdtffliitltttttt'fit‘ltttttt

103 2949 202 3057 ericbtib
223 3000 274 3054 soli
294 2999 356 3053 Deo
373 3004 452 3078 note,
466 2970 611 3078 libminum
631 2948 718 3054 oculis
735 2999 824 3053 videri
841 2950 898 3055 nbis
914 2996 993 3069 potest

103 3070 161 3127 Ubi
174 3079 259 3127 nota:
277 3068 378 3123 electos
391 3066 515 3121 visibiles
526 3085 600 3136 esse,
620 3075 641 3123 t.
655 3085 711 3138 que
722 3068 861 3137 homines,
884 3074 906 3123 2.
921 3067 997 3122 cccv!

103 3154 196 3193 sacros
219 3138 411 3208 frequentent,
439 3142 462 3191 3.
480 3135 557 3191 verbi
580 3141 609 3190 et
634 3141 869 3192 sacramentorum
897 3133 999 3207 minito

103 3206 146 3262 rio
165 3211 296 3263 utuntur·
317 3211 345 3260 et
363 3203 532 3265 invisibiles.
553 3209 691 3286 quatenus
708 3205 779 3260 fides
796 3207 827 3259 iis
845 3223 876 3259 sc
896 3198 1001 3259 invicibl·

104 3274 148 3345 lis,
168 3280 197 3329 et
217 3248 315 3332 electio
334 3273 396 3329 Deo
414 3274 466 3329 soli
485 3282 608 3345 cognita,
627 3274 676 3345 qui
688 3267 1005 3331 solusicrutstuiuutsi
