2250 3772
243 249 395 335 Syllabus
417 275 522 316 rerum
544 265 577 318 et
597 256 778 321 verborum.
914 255 979 321 675

98 419 236 473 vixerunt.
257 424 315 475 119.
346 419 431 474 variis
449 419 639 474 contractibus
658 422 779 491 politicis
793 424 836 476 551
854 423 975 479 fluerunt.

101 494 158 542 125.
213 488 380 542 secessiones
401 489 528 560 proprias
555 487 721 544 habuerunt.
746 498 801 547 129.
846 493 977 547 dicuntur

98 555 175 610 uncti
222 557 314 613 omini.
341 563 400 613 244.
443 565 568 627 tempore
596 558 698 613 Christi
722 577 779 614 non
806 561 920 615 fuerunt
944 561 974 617 in

97 625 293 682 1515155299.

64 694 211 748 Sanctitas
231 693 418 763 5055151515
435 693 545 748 nemine
560 695 649 748 datur.
672 700 728 750 150.
749 702 798 751 182
811 714 887 778 seqq.
917 715 975 752 non

97 768 304 833 progeneratur.
326 767 382 817 104.
402 769 452 818 514
467 779 543 833 seqq.
579 781 636 818 non
653 765 785 835 competit
801 766 906 820 homini
922 783 974 835 per

97 831 261 900 essentiam,
286 831 335 884 sed
354 848 404 901 per
424 830 632 886 inhaerentiam.
653 839 712 887 233.
747 835 848 904 triplex'
870 835 972 889 sancti-

97 905 141 954 tas
160 900 250 955 datur.
271 905 329 955 323.
348 906 406 954 515.
441 901 583 965 eeclesiae,
602 901 775 960 describitur.
794 910 843 958 331
863 922 903 974 sq.

62 970 190 1038 Scriptis
209 968 483 1037 0151511551555115,
501 969 617 1022 materia
634 971 760 1025 coelestis
781 991 802 1026 5.
818 988 904 1027 55555
921 977 973 1029 est.

98 1044 156 1093 550.
195 1037 269 1092 Vino
294 1037 390 1091 unitur·
419 1037 664 1094 sacramentaliter.
692 1046 749 1096 551.
792 1041 866 1097 Vide
892 1042 971 1096 Unio.

96 1122 228 1176 praesens
248 1106 336 1160 estin
354 1125 376 1160 s.
396 1122 489 1160 coena.
509 1112 557 1160 505
577 1123 653 1178 seqq.

61 1175 234 1240 Sotiefaotio
255 1173 376 1238 0151511,
400 1174 459 1228 5515
482 1174 587 1228 sufficit
610 1175 811 1256 propeccatis.
839 1182 895 1232 118.
931 1177 973 1230 di·

69 1277 74 1285 ·
97 1243 248 1313 stinguitur
264 1243 355 1296 minus
376 1249 504 1298 accurate
522 1243 552 1296 in
568 1251 687 1297 activam
704 1250 733 1297 et
744 1244 890 1314 passivam.
910 1250 970 1301 292.

96 1319 138 1366 551
164 1312 376 1365 fundamentum
401 1311 606 1366 intercessionis
631 1312 742 1367 christi.
771 1319 829 1368 293.
885 1330 971 1368 causa

95 1379 235 1436 meritoria
244 1379 451 1449 justificationis
467 1386 517 1439 est.
536 1387 594 1435 312.

61 1449 231 1516 Sotisfaotio
252 1450 354 1517 operis,
373 1465 430 1502 non
448 1455 572 1570 estpars
590 1448 784 1519 poenitentiae.
807 1456 864 1506 178.

60 1518 219 1585 Scandolo,
236 1524 381 1587 peccatum
399 1525 494 1571 contra
526 1518 547 1573 Ι.
560 1525 741 1588 praeceptum
754 1525 826 1572 sunt.
846 1525 887 1574 75.
923 1519 971 1572 de·

95 1586 262 1640 scribuntur.
282 1591 340 1641 309.
373 1592 438 1640 sunt
455 1587 595 1657 veleiates,
614 1587 660 1641 vel
676 1594 801 1656 accepto.
823 1592 883 1644 369.

59 1655 197 1723 Seianae,
216 1655 387 1711 describitur.
408 1661 467 1710 231.
667 1709 669 1714 .

60 1725 232 1780 sclavonica
249 1725 357 1792 linqua,
374 1724 496 1780 omnium
514 1723 743 1780 communissima.
762 1729 804 1778 25.

62 1793 214 1855 Scortota‘o.
236 1792 358 1862 graviter
373 1793 513 1862 punietur.
536 1797 593 1847 121.
628 1793 814 1846 exclusionem
830 1809 848 1846 5
866 1810 888 1848 s.
908 1809 969 1848 555-

94 1877 148 1915 555
167 1879 221 1914 usu
238 1866 365 1914 moretm.
386 1867 445 1917 591.

61 1930 214 1999 &reptare
231 1947 331 1997 55555,
349 1928 487 1983 definitur.
508 1933 532 1983 3.
568 1927 748 1980 distribuitur.
769 1933 792 1982 6.
819 1933 857 1982 12.
892 1935 971 1982 5515-

94 1999 208 2052 ritatem
235 2004 261 2049 et
286 1997 460 2065 majestatem
485 2015 567 2049 suam
590 1997 755 2049 5555515555
778 2012 834 2049 555
857 2001 915 2049 tam
934 1996 971 2050 ab

95 2067 212 2121 ecclesia
248 2083 313 2119 uam
332 2083 348 2119 a
365 2065 457 2136 seipsa
472 2065 564 2119 habet
586 2070 623 2120 10.
647 2070 685 2120 18.
721 2069 765 2118 551
783 2064 971 2120 indubitatum

94 2135 211 2188 verbum
257 2135 289 2188 ei.
318 2140 348 2188 11
370 2151 410 2204 sq.
448 2133 547 2204 regula
565 2133 706 2187 ecclesiae.
734 2140 773 2189 19.
809 2134 971 2189 introducta

96 2210 139 2259 est
161 2204 220 2256 Dei
240 2205 384 2257 mandato.
408 2208 442 2258 20
458 2220 517 2273 seq.
550 2219 658 2272 semper
682 2201 772 2256 adfuit
796 2203 825 2256 in
852 2203 970 2258 55515515

69 2308 72 2314 -
93 2272 256 2335 5151511555,
278 2288 330 2326 555
354 2278 453 2342 gentes
472 2272 577 2341 absque
595 2271 759 2325 caluerunt
776 2272 907 2331 salvatae.
926 2277 968 2328 21.

93 2341 196 2394 mansit
216 2341 389 2410 incorrupta,
409 2341 438 2394 in
455 2347 574 2410 utraque
591 2340 689 2410 lingua
707 2339 841 2410 originali.
860 2347 891 2396 22
910 2358 968 2412 seq.

92 2426 150 2463 non
179 2415 221 2463 est
244 2409 274 2461 in
294 2410 419 2478 qualibet
442 2409 539 2480 lingua
561 2426 611 2463 seu
633 2408 772 2469 versione.
800 2410 969 2465 authentica.

70 2480 163 2532 thid.
182 2495 239 2548 seq.
281 2478 463 2549 proponenda
489 2480 574 2532 etiam
600 2495 674 2531 5555
692 2485 734 2532 551
751 2477 914 2532 Christianis
936 2479 967 2532 in

92 2549 254 2600 vernacula.
274 2553 315 2600 24.
349 2547 467 2600 udaieis
486 2548 616 2614 legenda.
634 2552 675 2600 26.
711 2545 741 2599 15
754 2551 846 2600 varias
857 2548 968 2618 linguas

93 2614 237 2670 translata.
257 2621 289 2669 25
309 2632 367 2686 seq.
404 2631 510 2669 errores
533 2618 560 2668 et
584 2614 714 2671 damnum
734 2614 826 2685 gignit
844 2631 878 2669 ex
896 2617 968 2670 acci·

94 2683 179 2738 denti.
201 2689 243 2737 27.
264 2689 307 2739 31.
350 2687 393 2737 551
415 2683 497 2736 clara
520 2701 555 2736 oo
579 2686 737 2751 perspicua.
762 2690 802 2738 29.
833 2684 968 2754 imprimis

92 2754 122 2805 in
138 2751 315 2822 dogmatibus
330 2750 405 2808 fidei.
425 2756 464 2806 32.
498 2752 655 2822 ee'quando
667 2753 774 2806 accedit
790 2752 887 2806 sedula
903 2769 968 2808 evo·

93 2820 162 2874 15115
188 2826 216 2874 51
242 2820 386 2875 meditatio
412 2820 494 2874 illius.
522 2825 562 2875 31.
608 2837 659 2890 per
681 2820 799 2889 seipsam
819 2827 861 2875 551
880 2823 967 2891 erpti-

93 2890 195 2943 conda.
224 2893 266 2943 32.
310 2888 359 2943 ubi
377 2889 492 2960 regulae
515 2894 629 2958 septem.
661 2895 701 2946 32.
742 2895 802 2942 1515
820 2889 968 2944 referenda

92 2963 136 3013 est
153 2957 190 3011 ad
208 2956 326 3028 gloriam
345 2957 399 3012 Dei
418 2963 446 3012 et
462 2957 682 3011 aedificationem
694 2957 818 3026 proximi.
838 2964 879 3012 32.
918 2975 966 3013 va·

90 3027 147 3080 rios
166 3041 263 3079 555555
288 3041 345 3079 555
370 3026 500 3081 admittit.
521 3031 562 3080 35:
597 3033 639 3081 est
656 3026 814 3095 5555155155
832 3026 898 3080 Dei.
924 3034 966 3083 35.

85 3096 221 3164 perfecta
242 3097 285 3148 est
309 3099 338 3147 et
359 3095 482 3148 continet
498 3094 590 3148 omnia
610 3094 783 3148 adsalutem
801 3097 966 3154 necessaria.

92 3169 124 3217 39
134 3179 210 3242 seqq.
241 3161 344 3216 Confer
356 3168 397 3218 45.
418 3169 477 3218 241.
494 3168 551 3218 200.
581 3163 684 3217 dicitur
694 3163 815 3218 traditio.
835 3171 878 3222 43.
910 3183 968 3220 555

91 3230 479 3289 admittiteontradictiones.
505 3239 538 3287 45
585 3249 642 3286 555
665 3232 745 3286 litera
769 3239 891 3298 mortua,
916 3234 967 3290 sed

89 3301 194 3365 efficta
218 3304 268 3355 est.
293 3305 334 3354 40.
371 3300 496 3355 continet
521 3300 644 3372 quinque
666 3317 774 3355 summa
791 3302 888 3371 capita
902 3303 967 3358 reli·

89 3367 180 3440 gionis
208 3367 383 3425 christianae.
408 3375 450 3426 41.
494 3369 596 3424 dicitur
612 3370 666 3430 lex.
694 3376 736 3426 45.
755 3366 981 3480 485155551155(
