2250 3772
363 213 424 307 ¹De
440 213 683 298 justificatione..
789 300 794 310 Ι
915 217 978 289 383

105 379 141 445 13.
166 379 317 459 Quomodo
342 404 412 448 vero
437 383 506 448 sola
526 382 590 448 fide
609 384 781 467 jussissem
800 406 979 469 possessuras,

102 486 153 527 mn
171 474 198 531 tt
214 468 316 551 pratia
337 467 403 530 Dei
422 480 450 531 et
469 470 578 533 meiito
603 467 721 531 Christi
739 470 869 555 itemque
888 473 980 534 verbo
1079 538 1084 555 ,

158 568 161 573 ·
187 562 213 613 et
233 553 436 615 sacramentis
449 554 640 636 justificatio¹
654 544 872 621 adserebatur?

164 648 288 737 Optime
309 650 389 716 haee
409 651 492 717 inter
520 675 554 717 se
580 675 639 738 pro
661 673 829 719 causarum
846 653 979 720 divorsi-

101 736 350 800 atsmnveniunt.
643 738 646 743 ’

161 820 375 887 Justifioamur
395 820 423 885 1.
437 824 577 907 promito
590 823 656 887 Dei
668 823 889 909 misericordia,
908 835 978 887 tan-

100 920 172 985 quam
189 926 283 970 eausa
304 904 462 971 efficiente
483 916 679 991 procreante.
975 910 982 983 J

160 988 373 1071 Justifipamur
394 991 426 1057 2.
440 994 549 1055 sumito
571 992 695 1068 Christi,
715 1001 869 1075 tanquam
883 1013 979 1058 eausa

99 1069 151 1136 sols
164 1075 329 1140 meritoria.

160 1158 374 1225 Juetifioamur
393 1161 423 1226 3.
437 1160 507 1243 fiiis
528 1160 611 1246 sola,
639 1170 792 1244 tanquam
812 1182 908 1226 eausa
929 1161 979 1226 in-

100 1244 268 1309 strumentali
289 1254 321 1309 et
339 1266 459 1331 organo
481 1244 616 1309 salutem
636 1245 900 1331 apprehendente.
934 1316 937 1320 Α

161 1328 376 1395 Justifioamur
396 1328 534 1413 denique
555 1331 585 1396 4.
608 1332 699 1395 serbo
722 1343 750 1394 et
771 1335 977 1410 sacramentis,

99 1414 222 1505 taquam
242 1414 372 1500 organis
387 1414 521 1480 salutem
535 1413 652 1500 partim
666 1414 884 1523 qfferentibus,
905 1439 984 1503 par<

100 1498 141 1557 tar
159 1499 406 1587 obsignantibue.
641 1538 644 1545 ·
741 1518 744 1525 ’

149 1612 272 1683 (Proinde
290 1616 447 1672 exclusivae
464 1616 535 1671 istae
552 1632 607 1670 uon
625 1617 744 1688 gratiam
760 1617 815 1673 Dei
847 1635 904 1673 non
923 1636 979 1674 ms·

99 1675 161 1737 rium
176 1685 289 1753 Christi,
312 1703 368 1740 non
387 1685 549 1740 verbumst
569 1692 758 1754 sacramenta,
784 1658 834 1741 sed
856 1692 978 1743 tantum·

102 1749 163 1826 pado
176 1769 259 1825 opera
276 1760 384 1823 nostra,
400 1754 460 1808 sive
477 1754 677 1822 antecedentia,
695 1754 754 1809 sive
772 1757 979 1826 consequentia,

100 1818 194 1891 tanqua
209 1823 430 1891 renovationem,
450 1821 694 1877 sanctificationem
711 1823 836 1894 aliasque
853 1825 978 1893 virtutes,

98 1886 204 1969 fissqpsm
219 1891 345 1958 formam,
366 1897 416 1946 aut
433 1898 547 1961 partem,
563 1897 612 1945 aut
629 1908 751 1959 oausam,
770 1909 803 1946 ex
820 1892 881 1961 ipso
896 1892 978 1976 justi-

99 1946 209 2015 maris
225 1967 293 2015 aeta
311 1960 471 2028 excludunt,
489 1977 506 2014 a
519 1959 707 2031 justificando.
727 1960 849 2015 sednon
866 1978 884 2015 a
892 1961 977 2083 pisti-
1017 1984 1021 1999 =

99 2016 173 2095 11111,
195 2029 241 2083 oui
263 2045 349 2099 opera
372 2028 540 2100 praestanda
564 2028 601 2083 ad
625 2028 823 2099 gratitudinem
847 2036 875 2085 et

99 2102 157 2147 usn
169 2098 374 2154 ostendendam.
405 2097 483 2162 Quae
494 2114 559 2151 vero
572 2097 608 2151 sit
622 2097 692 2151 ratio
710 2096 844 2152 bonorum
862 2116 978 2169 operum

913 2031 977 2085 dem

99 2158 142 2213 im
156 2171 227 2235 tute,
243 2171 387 2289 tumssoet
402 2165 640 2236 justificationem,
664 2165 865 2221 declaravimus
884 2185 977 2238 snpra.

100 2224 185 2305 &aas
203 2235 291 2306 igitur
334 2235 487 2303 testimoni,
511 2235 558 2305 qui
582 2235 732 2307 gratuitam
751 2235 806 2291 Dei
825 2237 977 2292 misericor·

98 2290 160 2367 ihm,
172 2320 226 2374 qua
239 2303 433 2373 justificamur,
451 2303 549 2358 merito
566 2311 594 2358 et
611 2303 793 2359 satisfaetioni
805 2304 909 2360 Christi
928 2324 976 2376 op-

98 2374 187 2429 mart.
209 2372 319 2429 Cateah.
331 2375 436 2427 Rosos.
450 2373 484 2427 de
496 2378 582 2427 morte
592 2371 701 2438 Christi,
721 2390 781 2444 sap.
794 2379 818 2429 8.
836 2391 902 2448 pag.
917 2381 975 2431 262.

98 2435 192 2511 ὕκης.
227 2440 316 2496 Porro
341 2460 391 2512 pro
415 2441 554 2495 decisione
575 2449 815 2511 argumentorum,
840 2460 911 2514 quae
935 2443 976 2498 in·

100 2502 256 2565 aurasiae
266 2509 325 2565 acie
338 2527 356 2564 a
366 2508 514 2581 pontificiis
528 2527 579 2580 pro
588 2511 737 2565 astruenda
743 2511 853 2581 Justitia
861 2528 976 2593 operum

98 2571 275 2646 Mutantur,
303 2596 380 2650 seqq.
397 2579 537 2632 notandae
554 2579 759 2634 observationes
777 2585 807 2635 et
825 2581 976 2635 distinetio-

97 2646 139 2693 ¹U
165 2643 185 2701 Ι.
204 2647 418 2717 Distiapaemda
435 2656 499 2700 saut
518 2648 596 2700 dieta
614 2649 723 2717 topatio
741 2666 760 2701 a
803 2648 975 2703 remissioni-

98 2699 318 2785 innumeram.
349 2715 403 2771 Illa
422 2717 495 2770 enim
514 2716 700 2771 conditionem
723 2667 863 2787 pariiotae
879 2716 975 2786 imple·

97 2772 159 2832 “init
171 2785 322 2855 requirunt.
352 2786 399 2841 Ab
419 2784 479 2839 istis
498 2785 584 2856 igitur
596 2785 632 2839 ad
644 2786 756 2839 modum
770 2785 976 2855 justificationis

97 2850 190 2925 wirae„
208 2853 257 2924 qui
273 2853 303 2907 in
319 2853 376 2908 solo
394 2855 538 2924 evangelio
552 2854 745 2909 manifestatus
763 2861 813 2924 est,
830 2871 861 2908 ar
883 2871 975 2909 umen-

96 2908 141 2980 tin,
156 2928 195 2975 est
205 2922 413 2993 inconsequens.
442 2923 704 2993 Quiaapraeoepto
717 2924 753 2977 ad
765 2938 846 2994 posse
883 2922 974 2978 .V.C.

95 2969 371 3059 11¹apertineutlom
390 2994 455 3046 aes.
478 2996 517 3055 rs,
534 2995 567 3062 1,·
585 2994 635 3045 aa.
654 2995 699 3057 20,
719 2996 769 3061 11‚·
787 2995 872 3046 oms.
888 2995 913 3060 s,
927 2995 975 3050 25.
998 3006 1007 3029 ,-

96 3050 148 3107 ss,
164 3062 211 3126 ss,
229 3066 261 3124 1,-
285 3061 519 3126 Massi.19,17,·
543 3063 612 3113 Lac.
632 3064 675 3126 10,
695 3063 745 3128 ss,-
768 3061 848 3114 Rom.
868 3064 901 3129 2,
920 3065 974 3131 ss,-

95 3110 142 3197 J⁰Jt
156 3129 179 3196 3,
199 3131 221 3181 7.
259 3127 297 3182 Π.
315 3129 529 3198 Distinqaessda
548 3136 588 3180 est
600 3129 717 3196 justitia
734 3146 876 3198 personae
894 3147 913 3182 a
925 3130 975 3198 jes-

94 3188 154 3244 ’Νῐα
173 3213 274 3251 saraae
297 3199 354 3251 ss'se
372 3198 460 3264 faeti.
495 3197 542 3251 Ab
564 3196 616 3251 hae
641 3196 713 3250 enim
738 3197 774 3251 ad
794 3197 876 3251 istam
892 3215 973 3280 argu·

93 3260 187 3319 Mutari
204 3272 246 3321 est
262 3266 475 3338 inconsequens,
493 3265 560 3336 quia
576 3271 600 3321 1.
611 3264 680 3320 haee
697 3272 740 3322 est
756 3266 865 3336 debita3
882 3273 906 3323 2.
923 3286 973 3322 ua·
