2250 3772
309 174 361 239 De
383 174 589 241 sacramentis
604 174 639 238 in
651 196 778 260 genere.
946 176 1013 244 495

90 342 194 425 sonail
216 348 241 398 t.
270 348 384 425 1³:43⁷·
409 298 518 398 ‘Nata
542 343 572 398 in
596 342 690 414 speeie
715 344 806 398 obstat
830 343 883 398 111.
902 343 1008 425 'effusio

76 410 194 496 pflptrit.
213 428 234 466 ι
252 411 378 476 visibilis,
394 411 527 482 apostolis
546 412 631 481 faeta,
648 413 712 466 Act.
727 415 754 477 2,
765 415 792 481 3,
812 419 839 466 et
854 412 890 467 ab
907 414 1007 468 risdem

88 480 959 606 tt'tmtllttttt'ttal'tltta‘tttlfft
978 488 1009 605 εἶ

91 588 161 675 t’t.
175 590 231 673 'sot
250 623 309 675 336.
329 618 362 673 Ι).
380 623 409 673 et
425 618 477 674 ool.
497 623 555 675 337.
573 617 610 674 A.
629 635 707 699 seqq.
748 616 831 673 Dona
846 619 920 674 enim
936 619 1008 674 haeo

89 684 173 743 fuce
200 692 223 742 1.
247 686 424 755 miraculosa,
457 692 480 741 2.
501 686 544 741 sin
566 687 668 755 ularia,
694 686 814 759 rdeoqus
840 693 864 744 3.
893 688 1008 758 desiere,

76 767 146 811 *neo
164 761 190 810 4.
212 755 340 811 omnibus
357 755 504 835 baptisatis
523 772 557 810 oo
579 762 640 821 ata,
663 771 716 810 neo
734 763 758 811 5.
799 755 928 826 uisquam
944 774 1009 812 oum

76 880 77 895 ,
90 822 239 897 pontificia
250 823 456 879 confirmatione
478 824 524 879 rel
534 824 628 895 quoad
641 823 708 879 verb
752 774 797 879 vel
809 826 902 897 quoad
913 842 1006 895 opera,

76 892 138 949 vel
156 893 251 965 quoad
266 892 395 964 symbola
409 893 515 948 habent
531 909 684 973 commune.
742 893 1006 975 ‘tumaonfirmatio

90 962 624 1100 mtttttrttttttttttff
643 978 1008 1111 {adstruam

76 1097 220 1155 ‘mloeiis
231 1100 332 1155 nostris
343 1104 418 1154 reete
429 1098 617 1154 observamus.
646 1100 729 1153 Nihal
741 1117 757 1153 o
790 1108 832 1153 tot
849 1099 899 1155 lv.
912 1104 1009 1154 Marc.

93 1170 139 1233 rt,
157 1170 199 1222 18.
220 1174 249 1223 st
266 1169 332 1222 Jao.
352 1171 378 1231 5,
397 1172 446 1236 lt,
464 1167 513 1221 ubi
531 1168 670 1223 unctionis
688 1173 866 1239 aegrotorum
883 1167 916 1223 fit
933 1186 1009 1224 men-

93 1236 143 1293 tio.
170 1237 343 1291 Ballarmim
360 1236 380 1291 l.
399 1237 436 1291 de
453 1242 507 1292 ext.
526 1242 601 1291 unet
620 1256 642 1291 s.
653 1242 677 1292 2.
695 1242 715 1292 t.
735 1243 759 1292 3.
779 1237 831 1292 ool.
852 1243 917 1293 1252
931 1255 1009 1308 seqq.

93 1302 224 1361 Fuerunt
243 1307 319 1360 enim
336 1311 365 1360 at
381 1305 452 1360 haso
466 1305 540 1359 dona
555 1305 729 1369 miraculosa,
746 1306 918 1376 temporalia,
936 1322 1009 1377 quas

95 1372 223 1431 doctrina
231 1373 369 1445 evangelii
378 1372 541 1428 confirmata
552 1372 734 1445 exspirarunt.
748 1373 812 1430 Non
821 1374 1008 1430 adhibebatur

94 1443 229 1499 tunotio
245 1460 281 1499 ax
298 1445 361 1514 lege
379 1442 559 1511 necessitatis,
577 1443 627 1497 sed
646 1459 679 1497 ex
692 1448 774 1511 pasto
787 1444 1003 1500 consuetudinis.

94 1508 208 1567 danitas
224 1517 251 1568 3.
267 1528 323 1566 non
345 1510 420 1576 olao,
443 1512 494 1565 aad
521 1511 637 1566 orationi
656 1510 722 1565 fidei
741 1512 913 1581 attribuitur,
938 1514 1006 1569 Joa.

95 1584 120 1647 5,
137 1584 182 1635 15.
216 1580 344 1651 Apostoli
368 1585 392 1635 4.
413 1587 552 1635 unxerunt
574 1586 606 1634 ut
627 1585 765 1636 sanarent.
807 1579 847 1635 At
867 1581 1006 1651 papistioa

94 1650 190 1705 motio
213 1649 329 1717 nomini,
351 1649 413 1702 nisi·
430 1649 465 1702 ds
488 1650 568 1719 eujus
592 1649 767 1704 restitutione
792 1649 1006 1719 desperandum,

76 1711 77 1734 ¹
96 1716 264 1773 adhibenda
298 1717 497 1788 Apostolorum
515 1717 654 1772 unctionis
670 1716 734 1771 finis
754 1718 809 1771 fuit
827 1718 932 1772 sanitas
950 1736 1008 1773 eor·

97 1786 179 1911 m
196 1786 401 1868 pontificiorum
419 1786 525 1908 sarpitas
537 1786 653 1910 adpinpae
679 1787 763 1908 1qu
774 1788 876 1909 obpro}
876 1786 916 1908 X
952 1787 1008 1908 tropi

176 1873 205 1909 m
318 1871 520 1909 sacramenum
590 1874 599 1909 1
754 1872 792 1909 es.
897 1896 903 1908 .
970 1874 1008 1909 1.

98 1872 304 1980 aomrrffl
325 1930 349 1979 ι.
367 1924 402 1979 ue
417 1923 536 1978 mamm.
564 1872 589 1978 ἕ.
605 1874 671 1979 dri.
690 1873 734 1979 ap
737 1923 789 1979 001.
810 1896 883 1981 rior.
901 1924 937 1978 Ι).
973 1924 1010 1978 m

213 1993 287 2049 anim
306 1999 348 2048 est
364 1991 455 2066 μυσιὴ
473 2012 531 2061 ιον,
553 1993 629 2063 quod
649 2008 707 2046 rem
732 1992 858 2063 quamvis
876 2009 1007 2047 arcanam

101 2008 218 2117 ᾗχι.
249 2062 297 2116 An
308 2077 374 2117 vero
412 2078 448 2115 uo
469 2061 538 2116 libet
550 2061 713 2132 mysterium
724 2067 929 2115 sacramentum
945 2078 1008 2142 pro·

104 2128 158 2199 pria
173 2130 213 2185 sia
230 2130 354 2185 dietum?
370 2078 416 2184 Ad>

202 2198 272 2266 'um,
297 2199 347 2255 sed
363 2199 514 2269 spiritualis
539 2198 590 2253 illa
608 2197 751 2269 cognatio,
778 2215 850 2280 quas
878 2205 920 2254 est
936 2201 1011 2254 inter

157 2266 237 2322 'stum
254 2274 283 2324 et
300 2268 454 2323 aeclesiam.
481 2267 634 2338 Subjioitur
654 2267 742 2322 anim:
761 2269 874 2322 darom
892 2267 1008 2322 Otr-isto

117 2334 173 2388 tais
189 2338 316 2392 molada.
350 2336 472 2391 Proinde
493 2336 688 2390 inconcussum
710 2342 805 2390 manet
823 2337 877 2391 hoa
896 2336 1004 2392 thema:

122 2406 281 2474 taflrrnoes’o,
294 2405 480 2474 poenitentia,
500 2414 624 2459 extrema
640 2405 735 2459 amotio
753 2413 780 2458 et
799 2405 1009 2459 matrimonium

127 2486 159 2524 oa
171 2482 235 2527 mat
247 2475 369 2544 proprie
388 2475 466 2528 diota
485 2475 523 2528 N.
543 2476 616 2527 Test.
636 2480 823 2529 sacramenta.
854 2473 918 2530 Non
935 2474 1008 2529 enim

131 2538 242 2609 tbmta.
261 2550 403 2598 externum
421 2542 596 2598 elementum.
627 2548 650 2598 2.
669 2541 787 2595 Etiamsi
804 2542 915 2597 lrabean
952 2558 1009 2594 non

136 2622 193 2665 man
208 2617 251 2667 est
268 2612 305 2667 ab
323 2611 384 2681 ipso
405 2611 514 2666 Christo
537 2611 644 2665 solenni
666 2610 798 2664 mandato
821 2611 850 2665 in
873 2610 907 2666 N.
954 2617 1005 2665 est.

140 2677 265 2735 uuum.
301 2679 404 2735 Carent
429 2685 452 2733 ³.
474 2680 654 2750 promissione
680 2679 788 2749 gratiae
810 2679 846 2733 ad
870 2678 1007 2733 remissio·

144 2760 166 2799 n
179 2753 355 2818 peecatorum
372 2748 486 2803 cuilibet
509 2747 565 2803 fida
583 2748 672 2804 utenti
696 2765 733 2818 ap
754 2748 892 2802 litandam
911 2752 940 2803 et
957 2746 1008 2801 ob·

149 2818 271 2872 tandum.
309 2818 381 2873 Sunt
404 2824 428 2872 4.
447 2817 542 2889 aliqua
565 2834 599 2872 ex
622 2817 664 2871 bis
687 2816 723 2873 V.
767 2824 815 2871 eat.
839 2816 1005 2871 communia.

155 2900 203 2955 qua
218 2896 242 2943 t.
260 2904 316 2941 non
334 2886 467 2941 ecelesiae
488 2886 606 2956 propria
643 2886 704 2943 Neo
731 2891 755 2941 6.
773 2885 900 2940 omnibus
918 2884 1007 2940 eoele-

158 2955 302 3011 *membris
320 2954 489 3023 eommunia,
508 2960 539 3008 ut
557 2956 625 3009 ordo
643 2962 671 3009 st
689 2954 901 3009 matrimonium.
938 2954 1005 3007 Plu·

163 3023 424 3149 tttttt
441 3021 1006 3162 rostratasttffiatsffart

172 3161 273 3232 titatio,
292 3163 478 3231 consecratio,
496 3112 677 3230 sacrificatio,
695 3132 799 3216 obldtio
821 3164 884 3231 eta.)

417 2131 546 2185 surdum!
576 2138 599 2184 2.
616 2130 680 2186 Non
687 2130 892 2184 matrimonium
904 2130 1009 2184 dicitur
