2250 3772
290 243 342 310 De
364 264 502 331 persona
523 238 650 309 Christi.
713 296 718 303 .
860 244 923 311 257

70 414 197 470 suuntur
212 413 246 469 de
267 413 356 468 altera
374 411 403 465 in
421 411 569 476 abstracto,
585 415 629 464 ut:
656 408 753 465 Deitas
773 417 815 467 est
830 413 930 471 huma-

70 489 163 540 tssstc.
198 481 273 548 Quia
297 481 363 536 unio
388 497 444 534 non
467 485 509 534 est
534 479 609 533 facta
631 478 667 532 ad
689 496 774 534 unam
797 489 927 540 naturum

70 550 89 605 ie
100 552 164 607 cuim
181 550 261 607 ficret
281 551 326 606 vel
349 547 475 605 confusio
502 547 548 602 vel
564 546 698 612 abolitiol‚
719 548 768 603 sed
785 550 822 604 ad
840 567 928 608 unm

70 636 172 675 sanans
213 620 283 674 Dico
301 627 374 673 recte
393 626 420 672 et
435 634 513 672 cere:
534 616 558 670 si
574 615 648 671 enim
659 616 754 671 divina
765 625 793 673 ct
803 619 928 677 humana

70 694 124 744 susa
138 706 249 760 prorsus
267 688 340 742 iuter
357 703 392 741 se·
404 685 473 740 nihil
490 701 586 740 revera
603 686 843 757 communicarent,
862 689 929 745 etsi

70 772 142 812 rnna
157 764 259 813 natura
274 774 330 811 non
349 761 423 810 esset
459 754 619 808 crsonaliter
630 753 701 808 Filio
713 755 769 810 Dsi
779 757 867 827 unita,
886 764 927 815 st·

70 841 90 881 ts
103 826 136 881 ita
151 827 263 881 realiter
282 831 311 880 ot
328 839 394 879 vers
410 772 480 876 niiss
495 840 626 945 prorsus,
652 840 717 878 exce
738 831 767 879 to
785 826 861 881 nudo
878 842 927 881 no·

71 893 110 963 ins,
125 913 184 950 eum
207 896 269 965 ipso
293 909 437 948 commune
458 891 495 945 ha
516 897 585 959 eret,
608 891 697 946 Filius
743 893 822 949 ariae
838 895 928 952 Filius

70 962 166 1020 sirecte
185 971 214 1019 et
229 978 294 1018 vere
314 959 448 1032 appellari
464 977 521 1013 non
537 966 639 1030 posset.
669 960 738 1016 Inde
752 965 928 1020 consectum

70 1046 104 1085 so:
127 1041 146 1088 l.
161 1033 293 1088 Mariam
309 1047 368 1085 esse
386 1027 532 1095 θεοτόκον,
553 1037 579 1082 et
596 1029 656 1083 Dei
672 1032 838 1099 penctriccm
853 1043 928 1088 recte

70 1101 179 1168 spellari,
206 1102 275 1155 Istc.
294 1103 324 1163 1,
341 1102 394 1163 35,
421 1106 520 1152 contra
542 1099 719 1165 Nestorium,
744 1100 793 1171 qui
809 1101 928 1158 Mariam

70 1171 200 1238 μσιοτόκον
220 1169 432 1238 christiparum,
457 1183 513 1220 non
534 1166 700 1236 Deiparam,
725 1170 929 1237 pronunciabat

70 1252 119 1302 leo,
134 1239 197 1310 quia
214 1256 270 1293 non
288 1236 343 1292 Dei
361 1235 473 1303 Filium,
491 1236 540 1289 sed
556 1235 707 1290 humanam
723 1245 831 1291 tuntum
848 1245 929 1294 natu-

70 1320 94 1358 ni
106 1308 257 1378 peperisset,
276 1321 348 1376 quae
365 1311 477 1374 propter
487 1303 590 1358 Filium
608 1305 772 1374 adjunctum
783 1307 849 1361 Filii
862 1302 929 1378 quoss

70 1376 272 1500 titillet
290 1373 439 1513 *siliis
459 1374 931 1504 {mittitiltltillnwiimi

70 1524 96 1579 tp.
108 1519 139 1569 12,
157 1461 369 1585 psg.210.p211.
404 1516 427 1565 2.
449 1511 590 1565 C'hristutm
607 1514 760 1565 seeundum
778 1514 930 1570 humanam

70 1588 154 1637 mam
170 1600 235 1638 vere
255 1598 313 1635 esse
331 1587 357 1632 et
376 1579 436 1633 dici
452 1579 560 1633 Filium
575 1581 634 1633 Dei
646 1598 700 1648 per
717 1581 848 1636 unionem
861 1600 929 1654 per-

70 1651 155 1707 mutem.
198 1651 239 1707 Ut
260 1649 334 1705 enim
354 1647 461 1702 ratione
485 1648 604 1702 Deitatis
627 1653 669 1703 est
692 1648 780 1703 Filius
803 1651 856 1706 Dei
878 1669 931 1723 per

70 1722 162 1784 turam
180 1721 221 1774 ita
237 1716 415 1772 humanitatis
433 1717 540 1771 ratione
558 1722 599 1771 est
609 1717 697 1771 Filius
711 1718 763 1772 Dei
781 1736 832 1788 per
851 1721 930 1775 unio·

70 1787 354 1912 cursuales
367 1785 858 1911 silenzinuuesn

70 1925 116 1979 stris
130 1927 234 1980 Filium
257 1922 430 1994 adoptivum,
454 1926 563 1976 Boron.
586 1922 670 1977 annal
702 1923 798 1979 eccles.
818 1929 884 1979 tom.
906 1932 930 1981 9.

86 1998 131 2051 tls.
176 1997 266 2050 Eder.
295 1991 430 2046 matseolo
453 2032 459 2044 .
485 1991 616 2048 haeretic.
649 1992 729 2045 class.
748 1998 773 2048 3.
801 2010 867 2064 pag.
888 2000 929 2051 53.

70 2072 114 2118 ltro
135 2064 265 2118 dicuntur
291 2061 345 2115 hac
368 2010 586 2130 prsefiicationes
605 2061 768 2129 inusitatae,
793 2063 859 2132 quia
875 2079 932 2117 non

70 2138 139 2187 tsuut
157 2133 193 2187 sd
211 2131 299 2185 ullum
317 2130 429 2184 modum
448 2129 662 2200 praedicationis
679 2128 786 2199 logicae
797 2131 931 2187 usitatum

70 2196 126 2257 unci.
160 2200 273 2255 Errant
294 2197 380 2269 igitur
408 2204 430 2255 1.
450 2198 498 2269 qui
515 2199 640 2268 proprias
660 2215 692 2251 ac
710 2199 853 2269 regulares
871 2218 932 2256 esse

70 2276 155 2324 scunt
192 2268 341 2337 Grynum
359 2265 463 2336 disput.
488 2267 523 2320 de
546 2284 625 2322 serm.
645 2267 780 2323 incarnat.
799 2268 870 2322 thes.
892 2275 930 2325 14.

70 2336 143 2411 polog.
161 2338 291 2393 theoreus
311 2340 381 2416 part.
399 2343 421 2390 1.
439 2354 466 2405 p.
483 2341 540 2390 152.
580 2337 691 2388 Errant
708 2342 730 2390 2.
743 2337 791 2407 qui
809 2355 931 2409 synony-

70 2416 112 2459 ιω
126 2414 174 2462 aut
186 2404 383 2461 substantiales
400 2420 460 2458 esse
472 2404 652 2460 contendunt.
683 2405 827 2461 Keclcerns.
842 2406 891 2464 lib.
906 2413 931 2462 2.

70 2477 136 2533 stem.
153 2477 209 2547 log.
227 2494 248 2531 s.
265 2480 292 2530 2,
306 2490 332 2527 c.
353 2479 374 2526 1.
394 2491 423 2543 p.
440 2478 490 2527 376
500 2490 555 2544 seq.
575 2477 603 2528 et
619 2473 666 2528 lib.
678 2479 701 2528 3.
720 2480 832 2545 system.
847 2474 930 2530 theol

72 2544 97 2599 l.
127 2551 204 2601 ¹tto.
240 2543 300 2598 Nec
318 2541 392 2597 cuim
413 2547 436 2598 1.
454 2541 521 2595 unio
538 2549 580 2596 est
598 2542 759 2597 essentialis.
788 2543 848 2599 Nec
860 2549 883 2598 2.
895 2543 933 2599 ds

70 2621 95 2663 to
137 2631 182 2669 mo
208 2617 242 2666 ut
260 2611 365 2681 species
382 2614 432 2664 aut
447 2628 535 2681 genus
555 2615 605 2664 aut
622 2617 654 2665 ut
666 2610 822 2666 differentia
842 2627 933 2665 esseu-

70 2676 104 2733 tlis
122 2654 304 2752 praedicatur.
340 2681 450 2760 Erpant
477 2685 501 2733 3.
522 2679 571 2749 qui
592 2679 630 2734 sd
653 2679 839 2760 accidentales
862 2679 932 2760 refe·

70 2750 105 2816 tlt,
119 2752 262 2806 Keclserm,
280 2747 327 2801 dd.
347 2748 421 2802 locis.
457 2747 526 2818 Ipsa
549 2749 620 2803 enim
643 2765 709 2803 umo
728 2766 784 2809 nos
802 2753 846 2803 est
861 2765 932 2802 aces·

70 2817 154 2888 salis,
172 2824 201 2875 st
218 2816 420 2888 propositiones
436 2815 489 2871 hae
506 2816 664 2886 personales
682 2818 841 2887 reciprocas
856 2822 931 2881 suut,

70 2883 211 2945 ttidsutales
228 2902 295 2941 vero
312 2885 470 2956 reciprocae
487 2903 542 2940 non
560 2892 633 2940 sunt.
664 2884 728 2941 Non
745 2885 819 2940 enim
838 2885 932 2940 dicore

70 2962 151 3011 mn:
168 2956 214 3011 hic
231 2955 313 3010 homo
332 2960 374 3008 est
391 2970 493 3023 canus3
519 2971 619 3009 canum
637 2959 679 3009 est
693 2954 784 3010 homo.
821 2956 934 3008 Ermnt

70 3024 124 3094 ¹-qui
137 3024 272 3080 identitas
288 3038 322 3077 sc
339 3023 540 3145 propriissimas
559 3041 619 3079 esse
639 3023 749 3104 uolunt,
769 3026 797 3077 et
816 3022 933 3078 insanis·

70 3099 124 3163 ‚twa
136 3094 233 3148 insano
252 3107 307 3155 ore,
327 3108 393 3162 proc
404 3097 507 3161 amant,
527 3093 574 3163 qui
591 3110 638 3147 eas
655 3095 801 3146 musitaias
812 3107 873 3146 esse
887 3093 934 3162 ju-

70 3165 140 3228 aaut,
163 3162 279 3217 Ostlosl.
303 3177 426 3214 comens.
445 3177 505 3242 cap.
527 3168 550 3217 7.
571 3179 599 3231 p.
618 3167 675 3216 297.
709 3160 784 3216 Unio
802 3161 876 3214 enim
892 3166 935 3216 est

70 3227 162 3297 livea,
175 3247 248 3303 quas
265 3235 329 3283 sunt
344 3229 536 3284 diversissima.
576 3233 687 3284 Errant
705 3237 728 3285 5.
786 3228 795 3281 i
813 3229 935 3300 tropicas

70 3293 228 3369 tticum
245 3315 305 3355 esse
316 3297 420 3363 volunt,
437 3300 581 3353 Keckerns.
591 3298 640 3355 lib.
653 3303 753 3370 myst
775 3316 820 3369 og.
830 3304 946 3356 secta

743 3390 769 3435 ll
