2250 3772
202 255 266 322 318
337 252 443 339 Caput
462 253 506 318 II,
550 254 603 318 De
624 254 772 338 symbolo
789 254 982 341 apostolico.

203 427 255 478 tat.
275 427 303 477 et
321 439 366 477 un.
378 420 441 475 Deo
458 437 517 491 pag
541 425 596 476 103.
624 422 706 474 Idem
724 419 806 476 refut
821 420 953 478 Bellarm.
971 421 1029 476 etv

202 497 299 573 capt
329 507 393 562 pag.
414 496 472 545 220.
513 489 565 543 Est
586 490 659 543 enirn
681 495 707 544 et
729 490 792 559 ipsa
813 489 851 543 ab
877 499 997 546 aeterno.
1027 536 1029 541 ⁴

203 560 323 631 Spiritus
348 564 461 613 sanctus
489 558 525 612 ab
543 566 656 612 aeterno
708 557 786 613 Sicut
810 575 863 613 nec
888 558 1029 630 genemtio

203 630 352 701 quicquam
372 626 529 682 aeternitati
545 627 632 682 obest.
672 626 755 681 Retio
772 626 822 685 lV.
840 628 877 682 ab
903 627 1029 683 arentia<

202 703 275 765 tate3
288 697 323 754 V.
332 696 368 750 ab
378 695 499 764 effectis3
511 695 561 751 Vl.
572 695 608 749 ab
620 695 751 766 adjuncto
760 695 837 750 cultu
848 697 1029 751 adorationis*

202 765 287 822 noris.
311 765 418 834 Objeet.
436 770 553 818 oontrar.
573 764 637 818 vide
657 781 730 834 supr.
751 766 864 837 Errant
877 765 964 836 igitur
978 765 1029 819 Ma

202 834 292 898 niani,
304 833 501 888 contendentes
513 831 645 902 Spiritum
665 841 792 887 sanetum
809 850 870 888 esse
882 834 1029 889 nonDeun

90 954 94 965 ,
202 903 358 958 ministrum
370 901 446 955 Patri
467 907 495 956 et
506 901 577 956 Filio
591 901 770 968 servientem,
788 904 892 957 Socrat
910 903 1006 957 histor.
1022 919 1029 956 t

203 973 279 1027 siast.
287 970 327 1025 lib
347 978 369 1024 l.
378 987 401 1024 c.
412 976 452 1034 35,
462 970 586 1041 adeoque
596 971 680 1040 plane
688 981 857 1040 creaturam,
873 973 1013 1027 Theodor.
1024 970 1029 1025 l

202 1041 265 1096 hist.
280 1039 430 1095 ecclesiast.
441 1055 464 1092 o.
478 1045 503 1094 6.
514 1057 542 1109 p.
557 1047 615 1094 37³.
626 1039 655 1093 G.
669 1045 698 1094 et
714 1058 742 1110 p.
755 1047 814 1095 tto.
826 1040 859 1107 F,
871 1057 933 1096 esse
950 1046 1029 1096 crem

203 1128 259 1165 non
277 1114 436 1174 creatorem,
460 1116 487 1162 et
509 1125 561 1178 per
578 1108 712 1177 Spiritum
732 1117 859 1163 sanctum
884 1127 942 1163 non
959 1108 1013 1163 nisi

203 1183 294 1233 motus
314 1175 472 1248 significari,
492 1193 561 1248 quos
574 1177 650 1231 Deus
667 1177 696 1230 in
715 1178 819 1232 renatis
836 1179 950 1232 excitet.
985 1177 1029 1233 Ea

205 1247 274 1302 baec
301 1247 433 1299 damnata
457 1245 486 1298 in
509 1247 616 1316 synodo
634 1245 945 1317 Constantinopolitano
969 1263 1029 1301 anot

206 1317 280 1371 Vide
298 1315 352 1371 vol.
373 1320 394 1369 1.
414 1313 510 1368 concil
529 1313 738 1385 constantinop.
757 1332 781 1369 c.
801 1322 824 1368 7.
841 1333 871 1396 p.
890 1322 952 1382 teo,
976 1317 1024 1369 ubi

204 1384 268 1440 bolo
280 1384 386 1439 Niceno
396 1382 465 1437 haec
483 1383 608 1437 clausula
624 1383 737 1438 addita:
758 1387 913 1438 Damonem
933 1392 960 1437 et
975 1384 1029 1446 oica]

204 1462 266 1516 tem,
284 1470 317 1505 en
334 1453 423 1506 Patre
439 1453 560 1521 filioque
571 1453 785 1520 procedentem,
805 1471 868 1505 enm
886 1454 978 1506 Patre
994 1461 1019 1506 et

205 1521 289 1575 nimai
308 1523 488 1574 adorandam
512 1529 537 1574 et
562 1522 848 1590 eonplcn'ficnndnm,
871 1521 923 1590 qai
943 1522 1029 1576 torsa

129 1640 132 1644 .
204 1607 257 1643 =er
269 1590 425 1671 prophetae
444 1599 493 1643 etc.
530 1591 641 1642 Errant
660 1596 683 1643 2.
698 1591 873 1644 &nunnioni
892 1599 919 1643 et
936 1591 1028 1644 Arian

201 1609 228 1715 it
248 1659 342 1712 iritum
354 1662 479 1712 sanetum
494 1658 572 1712 Patri
587 1658 709 1729 itemque
719 1658 791 1714 Filio
807 1657 1029 1731 inacidarovnegt

237 1736 327 1797 opust.
347 1725 408 1781 libr.
435 1728 471 1779 ad
490 1727 649 1790 Quod-vult.
677 1727 782 1782 haeres.
802 1735 842 1781 54.
865 1734 886 1783 t.
906 1733 931 1782 6.
955 1728 1029 1782 ooli

205 1799 288 1852 Idem
305 1803 366 1850 orat
391 1802 476 1850 contr.
497 1796 562 1850 lud.
581 1796 687 1866 Pagan.
705 1804 733 1850 et
751 1796 845 1849 Arian⁴
863 1813 924 1866 cap.
946 1802 987 1852 ta.
1004 1801 1029 1850 to

205 1866 257 1921 col.
280 1872 333 1922 ott·
348 1864 378 1921 C.
420 1867 530 1918 Errant
555 1875 576 1918 3.
598 1864 759 1932 Campanae
785 1873 813 1918 et
836 1865 1029 1934 anabaptistae

205 1935 348 2057 nepalcrppt
360 1933 636 2056 Sppriprmcsapctgm
654 1949 717 2054 epse
736 1940 880 2056 aettemunp
900 1951 934 1988 ex
947 1935 1011 2058 ‹rstalp

206 2022 235 2057 m
325 2020 416 2058 emnia.
460 2019 569 2056 ..e
628 2018 848 2056 rrrusancoc.
884 2042 890 2054 .
930 2020 948 2056 a
976 2046 1017 2058 ..

165 2069 168 2075 ’
206 2072 317 2138 Quibus
337 2070 524 2140 adstipulatur
542 2020 680 2138 Seruitus,
700 2071 827 2141 quiante
845 2020 1029 2126 advriirtumc

209 2141 342 2210 Spiritum
361 2149 486 2193 sanctum
511 2156 566 2193 non
583 2139 668 2193 fuisse
690 2156 850 2208 personam,
875 2140 925 2194 sed
944 2157 1015 2194 anno

208 2215 248 2263 34.
271 2208 381 2262 demum
407 2205 591 2262 coustitutum
609 2224 668 2262 esse
691 2209 803 2262 tertium
825 2206 1029 2277 personalemI

207 2276 367 2345 blaspheme
386 2280 529 2345 eructavit,
547 2276 592 2331 lib.
612 2284 634 2330 5.
654 2276 688 2331 de
706 2277 805 2330 Trinit.
821 2294 849 2346 p.
870 2282 928 2331 llll.
947 2276 988 2331 ·D.
1002 2277 1029 2330 St

207 2346 274 2398 aeth.
291 2343 409 2414 catalog.
429 2344 529 2401 haeret.
549 2344 596 2400 lib.
620 2350 659 2401 ll.
678 2363 704 2413 p.
724 2353 746 2399 7.
768 2351 824 2403 15⁶.
854 2345 979 2408 Quorum
996 2350 1023 2400 et

207 2413 275 2468 lium
299 2413 406 2466 furores
431 2413 609 2484 homonymia
628 2414 757 2467 vocabuli
779 2414 912 2484 Spiritus,
937 2431 1018 2486 quam

208 2481 396 2552 subjiciemus,
413 2482 509 2536 dextre
522 2482 696 2548 refutantur.)

207 2587 238 2654 4.
284 2583 443 2662 Quomodo
469 2588 588 2670 prabos
617 2584 769 2668 Spiritum
799 2596 937 2649 sanctum
961 2607 1020 2651 ease

265 2692 377 2734 sonam
399 2695 420 2734 a
441 2671 537 2735 Patre
560 2682 587 2732 et
608 2671 690 2733 lilio
712 2671 837 2759 realiter,
853 2670 1029 2735 distinctam

291 2781 395 2845 Probo
431 2780 458 2842 1.
480 2777 567 2859 Quia
587 2778 733 2843 distincte
752 2778 786 2842 in
807 2781 955 2864 symbolo
984 2799 1029 2928 pr(

207 2888 288 2942 mur,
309 2886 368 2928 noe
387 2864 516 2928 credere
538 2864 571 2926 in
592 2864 699 2927 Deum
732 2871 757 2927 l.
773 2864 915 2942 Patrem,
937 2867 966 2930 2.
1003 2862 1029 2927 ‘il

208 2952 237 3016 3.
261 2948 416 3034 Spiritum
437 2960 589 3012 sanetum.

292 3038 321 3102 2.
344 3033 431 3113 Quia
452 3032 593 3097 definitio
612 3054 766 3116 personae
787 3033 816 3097 ei
838 3034 999 3121 competit.

292 3120 322 3183 3.
367 3117 454 3199 Quia
482 3139 516 3182 ee
541 3132 578 3180 ut
608 3140 777 3202 personam
806 3142 826 3182 a
847 3120 945 3184 Fatre
973 3114 1029 3183 etl

208 3200 389 3267 distinctam
434 3203 469 3266 in
510 3202 667 3287 baptismo
720 3203 840 3268 Christi
892 3203 1029 3269 manifest

207 3288 323 3351 Marah.
343 3289 375 3363 3,
396 3288 453 3372 163
480 3288 552 3354 Jolt.
577 3293 605 3372 l,
626 3290 668 3352 32

105 3474 242 3528 -n
