2250 3772
180 249 274 316 Prim.
296 273 401 337 praec.
424 289 467 298 -—
492 252 544 316 De
566 252 702 337 sculptil.
725 264 757 315 et
780 252 876 338 imag.
905 313 909 321 ,
940 254 982 317 69

10 448 13 470 r
97 412 169 496 gines
194 429 224 483 et
251 421 411 507 sculptilia
437 422 605 507 nuspiam,
631 421 736 485 facere
764 444 839 485 vero
869 421 982 486 eadem

10 504 14 537 ⁵
98 497 126 560 ad
143 501 346 570 idololatriam
373 516 405 570 et
428 507 548 571 cultum
568 506 688 592 passim
714 516 782 570 tum
803 507 837 570 in
859 507 981 584 Veteri,

10 681 11 692 ἵ
99 591 148 648 tum
164 588 194 652 in
212 589 307 655 Novo
328 591 534 656 Testamenta
555 591 753 678 prohibitum
771 603 827 656 est.

10 774 11 782 .
99 717 135 786 36.
167 725 274 789 Verum
294 725 344 789 tir
363 749 505 810 expresse
520 729 726 811 prohibentur
750 729 894 791 distincta
910 730 980 803 duc,

101 801 180 870 Lnon
194 808 308 875 facere.
330 810 360 875 2.
375 832 440 873 non
461 810 593 876 adorare
608 833 668 875 nec
684 811 788 876 colere
804 810 980 897 sculptilia3

99 899 173 972 tttqte
191 907 405 980 oryumeutetm
426 921 447 960 a
464 899 579 960 minori
591 901 634 962 ad
648 899 771 980 majus:
794 920 856 960 noo
869 898 981 980 jacies,

196 999 265 1064 erpo
287 982 385 1043 mutto
407 982 516 1042 misus
532 984 678 1046 adorabis
701 994 729 1046 et
750 981 853 1045 coles?

157 1077 227 1142 Non
251 1079 323 1165 ipsa
351 1080 498 1145 factionis
522 1078 669 1163 ἐνέργεια
697 1082 763 1146 sive
790 1092 896 1158 actus,
924 1081 981 1165 qui

97 1177 138 1254 ptr
152 1183 181 1228 se
199 1163 306 1228 licitus
325 1176 389 1243 est,
410 1166 468 1230 sed
488 1165 559 1229 finis
581 1176 703 1229 tantum
717 1166 863 1231 factionis
879 1166 981 1251 respi-

10 1330 13 1345 .
96 1252 219 1324 o1tur,ne
240 1249 363 1314 scilicet
386 1249 558 1314 adorentur
578 1249 622 1332 dii
643 1250 748 1315 alieni.

145 1362 199 1429 (Est
214 1366 304 1437 igitur
320 1366 434 1422 fallacia
450 1367 656 1438 compositionis
676 1375 704 1422 ct
724 1366 880 1435 divisionis,
898 1366 977 1419 item-

10 1478 13 1519 3
94 1442 133 1498 que
148 1433 269 1489 elenchus
288 1444 510 1506 comparatorum
526 1437 692 1508 imparium.)

212 1539 264 1604 37.
313 1539 431 1617 Quaeso
452 1543 534 1603 uode
557 1541 637 1603 illoc
651 1539 827 1625 probabis?

156 1638 203 1702 Ex
219 1640 322 1740 ipsius
340 1639 478 1727 Spiritus
493 1640 595 1705 sancti
610 1639 880 1725 interpretatione,
900 1639 976 1705 Deo.

88 1716 130 1815 ἧδ’
146 1723 171 1800 l,
189 1725 246 1789 ubi
267 1737 473 1813 praeceptum
492 1727 553 1789 hoo
572 1725 617 1789 ita
641 1726 813 1811 repetitur:
843 1746 908 1787 non
929 1723 977 1786 fa-

86 1803 157 1870 uetis
175 1809 494 1875 vobis-simulacrum
514 1821 568 1874 aut
589 1810 745 1910 sculptile,
764 1831 824 1874 nec
839 1819 976 1872 statuam

73 1886 192 1974 ‘erigetis
213 1907 272 1959 etc.
296 1906 332 1960 ut
353 1899 496 1963 odoratis.
529 1897 603 1982 Ego
626 1918 711 1959 emm
730 1918 802 1958 sum
815 1893 976 1958 Dominus
1081 1888 1093 1911 '

81 1970 157 2054 Deus
174 1990 287 2046 vester.

137 2095 204 2163 (Hoc
220 2097 276 2153 fine
294 2097 381 2170 igitur
398 2097 482 2152 etiam
498 2097 640 2168 prohibita
651 2097 802 2167 sculptilia,
822 2098 915 2150 Eood.
928 2098 974 2164 20,

74 2165 182 2302 ψόαι
198 2168 287 2223 Deos.
307 2171 333 2232 ὁ,
352 2173 375 2220 8.
392 2170 418 2222 9.
459 2165 530 2222 Cum
556 2168 591 2247 de
614 2167 729 2237 paribus
751 2167 827 2221 idem
849 2165 886 2218 sit
899 2165 975 2234 judi-

70 2247 143 2288 uum.

67 2335 116 2401 38.
145 2336 283 2402 Putasne
305 2361 376 2422 erqo
402 2341 480 2404 citra
496 2339 683 2425 hunofinem
700 2339 799 2401 cultos
815 2339 976 2402 adoratio-

63 2423 113 2487 m's
141 2434 168 2485 et
194 2425 421 2510 superstitionis
450 2424 598 2508 integriora
617 2426 696 2508 fieri
723 2436 750 2486 et
771 2425 879 2508 factos
908 2421 976 2484 tolc-

415 2511 486 2572 rart'
498 2507 618 2592 posse?

147 2603 309 2672 Omnino:
343 2609 370 2671 1.
394 2608 470 2693 quia
491 2619 634 2672 cessante
663 2606 725 2671 fine
738 2616 851 2670 cessat
872 2617 904 2669 et
924 2628 975 2669 ra-

57 2690 105 2756 tio
126 2690 227 2755 finis·
252 2691 298 2757 Et
319 2704 463 2757 cessante
485 2692 667 2758 conditione
681 2691 851 2775 interdicti,
872 2699 975 2755 cessat

55 2776 263 2841 interdictum
283 2775 295 2838 i
319 2799 398 2840 sum.

145 2862 174 2928 2.
198 2799 390 2941 Quiai)eus
413 2862 482 2948 ipse
505 2874 537 2926 et
550 2861 707 2947 imagines
728 2861 813 2937 fecit,
835 2870 867 2923 et
882 2858 973 2935 alios,

51 2957 92 3011 ut
116 2944 270 3023 facerent,
287 2947 394 3030 jussit,
417 2958 450 3010 et
471 2947 571 3012 factas
592 2946 749 3024 toleravit,
772 2945 860 3031 quod
873 2944 973 3008 histo-

50 3032 122 3096 riae
143 3041 176 3094 et
197 3032 344 3116 exempla
367 3032 410 3098 V.
433 3031 473 3097 Τ.
493 3043 657 3096 testantur.

141 3117 173 3185 3.
197 3112 285 3195 Quia
305 3138 365 3180 nec
386 3115 456 3204 ipse
478 3115 635 3195 Christus,
657 3139 717 3180 nec
743 3114 880 3201 apostoli
902 3138 972 3180 eas-

46 3201 129 3266 dem
164 3200 201 3264 in
228 3199 270 3268 N.
293 3200 332 3269 Τ.
366 3200 552 3287 simpliciter
582 3203 709 3290 uspiam
740 3199 971 3288 improbarunt,

35 3286 156 3359 ,multo
177 3283 284 3350 minua
306 3285 511 3372 abrogarunt.
