2250 3772
243 215 297 280 De
321 214 424 279 forma
444 237 562 280 coenae
584 216 770 284 dominicae.
898 219 962 284 567

72 392 82 446 t
109 381 144 482 in
171 381 263 446 terris
287 393 437 461 testatur,
468 387 496 448 1.
518 385 591 452 Jot.
613 386 650 463 5,
672 387 702 451 8.
742 387 893 451 Eundem
920 388 962 479 Ε

72 488 181 531 mnmo
201 481 401 553 praesentem
420 492 490 534 esse
510 491 641 534 necesse
663 481 719 534 est.

118 585 139 652 (
139 586 251 639 Errant
278 584 366 656 igitur
389 584 563 653 Uoltiniam,
589 585 637 654 qui
662 585 707 641 vel
733 602 833 656 corpus
857 585 961 642 Christi

72 669 117 708 cre
134 652 164 706 in
179 669 267 708 coena
285 655 391 718 adesse,
410 655 459 708 sed
472 660 550 708 tanto
562 654 715 723 intervallo,
733 662 836 725 quanto
851 656 960 711 coelum

72 726 79 774 t
98 727 174 776 terra
204 721 240 775 ab
259 739 293 776 ea
312 722 429 791 distare,
447 741 509 778 cum
526 723 604 775 Βενο
621 728 703 777 tract.
726 741 794 777 sum.
816 725 850 778 de
870 741 900 779 re
918 742 961 779 sa·

72 806 139 913 r.
153 761 437 915 atti-steri
706 793 961 916 clem-et

72 899 151 996 >rpus
170 900 272 983 Christi
285 878 398 983 1domedi
411 879 481 983 hum
498 878 641 1049 Zwlioplio
659 900 765 1000 ex’eges.
789 930 825 983 ad
844 880 960 986 Lrither.

72 1001 122 1050 art.
141 1002 165 1051 2.
186 1013 260 1067 oper.
277 995 324 1050 fol.
338 1003 388 1054 329
406 1003 527 1068 negent3
547 1015 581 1052 ve
611 1014 692 1068 signa
706 1003 814 1052 tantum
834 1014 881 1053 ore
899 1016 960 1068 per·

72 1063 115 1134 pi,
132 1071 182 1118 aut
197 1065 327 1120 virtutem
346 1072 455 1121 tantum
475 1082 530 1121 non
549 1065 732 1120 substantiam
750 1066 840 1121 carnis
858 1066 962 1122 Christi

72 1133 164 1203 arcipi,
184 1151 247 1187 cum
261 1136 379 1189 Calvino
398 1135 428 1188 in
443 1135 548 1189 desem.
567 1136 688 1189 secunde
706 1143 790 1190 contr.
805 1136 960 1206 Westphal.

72 1219 115 1274 ag.
124 1201 317 1273 tlhaffirmant,
329 1203 384 1257 vid.
393 1204 576 1257 Schlucsaelb.
583 1203 702 1274 theolog.
711 1203 852 1260 Calvinist.
858 1210 929 1275 part.
938 1212 959 1260 l.

72 1271 295 1394 οέθῃξδὶζιᾶνὲἰ
321 1271 702 1394 adscensudqnopiamNtihdpi
726 1273 872 1396 abdwcbpellos
896 1290 960 1396 cuni

72 1359 131 1465 iere
144 1425 244 1489 eorpus
253 1357 561 1478 Dihinieiiilealirideslit,
575 1359 660 1489 quarh
667 1359 790 1478 hredeie,
801 1416 830 1464 et
838 1358 961 1465 oiniiirim

72 1476 245 1532 eneficmrnm
273 1477 376 1533 Christi
402 1495 453 1547 per
478 1477 562 1532 fidem
589 1479 751 1549 participem
777 1478 845 1533 fieri.
881 1481 960 1540 Βεεο

72 1546 170 1615 eopha
192 1546 267 1600 .·'vol.
287 1553 310 1601 1.
330 1566 357 1617 p.
380 1552 438 1602 266.
480 1554 501 1602 1.
527 1547 646 1601 enimin
664 1547 838 1603 institutione
857 1548 960 1602 Christi

87 1613 142 1668 'tur
180 1631 194 1668 e
211 1614 263 1669 tali
280 1615 502 1684 manducatione,
520 1632 591 1686 quae
606 1614 638 1669 fit
656 1632 710 1683 ore,
727 1615 759 1668 Ε.
777 1633 833 1670 non
849 1616 882 1672 fit
899 1618 960 1672 sola

72 1631 113 1737 ie.
148 1684 212 1737 Hoc
235 1685 307 1736 enim
330 1700 379 1737 ονε
402 1686 536 1750 sumitur,
560 1687 637 1752 quod
651 1687 714 1752 fide
732 1687 868 1740 creditor.
899 1688 960 1739 Leo

72 1769 130 1808 trm.
148 1758 171 1806 6.
198 1752 233 1805 de
250 1752 353 1822 duplic.
368 1753 460 1807 christ.
481 1759 571 1806 natur.
583 1753 689 1806 advers.
705 1752 825 1823 Eutych.
839 1772 865 1824 p.
876 1759 916 1809 86.
926 1754 959 1809 Β.

72 1820 101 1877 tl.
111 1825 135 1875 2.
154 1821 257 1891 ·Atque
269 1821 309 1875 sic
320 1822 544 1875 manducandum
556 1826 584 1875 et
595 1821 748 1874 bibendum
764 1822 842 1876 dedit
859 1839 960 1891 corpus

72 1905 80 1943 t
108 1889 273 1960 sanguinem
297 1897 355 1942 tum
380 1908 429 1943 ονε
452 1890 594 1957 corporis,
617 1898 675 1942 tum
693 1906 742 1943 ονε
754 1891 837 1958 fidei.
872 1891 958 1960 (ἶνες.

72 1975 121 2012 rm.
139 1964 180 2012 22.
201 1957 230 2011 in
250 1974 348 2028 evang.
366 1964 431 2012 tom.
450 1964 474 2013 2.
492 1957 544 2014 eol.
563 1963 622 2012 411.
640 1958 675 2010 A.
711 1957 757 2012 Sic
776 1963 799 2013 2.
816 1958 960 2014 tolleretur
1069 1998 1075 2007 .

72 2025 196 2080 iscrimen
215 2026 437 2106 manducationis
456 2025 710 2106 sacramentalis-et
728 2026 887 2107 spiritnalis.
904 2026 959 2109 οδίο

72 2110 147 2218 ‚tlt
164 2095 408 2228 {Catilli
419 2100 499 2220 iim
520 2094 959 2235 ttfftttttttlssthtzte

72 2232 169 2302 ›rporis
188 2231 298 2301 Christi,
316 2239 413 2287 contra
426 2239 448 2286 1.
466 2232 528 2287 Οον.
544 2235 585 2300 11,
598 2235 643 2286 27.
674 2233 726 2286 Nil
746 2233 836 2286 obstat
855 2239 877 2288 2.
890 2234 958 2290 Jot.
1067 2254 1070 2265 ·

92 2305 139 2353 35.
160 2304 198 2354 53
216 2318 292 2371 sqq.,
317 2301 365 2356 ubi
388 2302 470 2355 edere
487 2318 586 2370 corpus
606 2299 709 2355 Christi
726 2301 801 2355 idem
819 2301 960 2373 significat
1002 2324 1010 2333 ·

72 2368 123 2423 iod
140 2370 260 2424 credere.
290 2370 369 2422 Βεεο
387 2370 414 2423 d.
433 2371 451 2427 l.
474 2389 501 2440 p.
522 2375 580 2424 266.
618 2370 669 2424 Est
693 2370 765 2425 enim
786 2371 891 2427 elench.
910 2387 959 2441 ps·
1043 2389 1048 2397 ·

72 2455 129 2493 nm.
162 2438 237 2502 Quia
252 2439 318 2492 Jot.
334 2442 358 2493 6.
377 2438 412 2492 de
430 2454 518 2493 coena
536 2439 674 2492 dominica
691 2455 747 2492 non
766 2440 866 2510 agitur,
886 2457 958 2510 quae

72 2512 106 2560 to
125 2506 236 2560 demum
258 2524 330 2561 anno
353 2504 417 2577 p'ost
442 2506 602 2561 concionem
621 2507 864 2561 mechanicam
881 2506 959 2561 insti·

72 2581 110 2629 ita
128 2582 177 2643 est,
197 2576 246 2630 sed
265 2577 300 2629 de
318 2575 531 2631 manducatione
546 2575 684 2646 spirituali
702 2575 760 2630 sive
780 2576 958 2646 perceptione

72 2642 244 2700 tneficiorum
261 2643 370 2713 Christi,
392 2661 463 2715 quae
475 2643 508 2698 fit
519 2661 568 2714 per
578 2643 670 2699 fidem.
698 2643 875 2713 spiritualem
892 2661 957 2699 vero

74 2713 288 2767 anducationem
306 2719 364 2766 toto
376 2712 454 2767 coelo
465 2713 576 2768 differre
588 2730 606 2767 a
619 2713 821 2781 sacramentali,
829 2713 867 2783 ,in
878 2730 958 2783 prae·

72 2781 106 2835 td.
124 2781 381 2836 demonstravimus.
406 2783 458 2836 Nil
477 2783 568 2836 obstat
588 2788 610 2837 3.
623 2781 699 2852 quod
710 2781 837 2836 Christus
855 2781 958 2837 habeat

72 2866 150 2916 rrum,
168 2851 305 2914 naturale,
321 2849 431 2904 finitum
450 2856 478 2905 et
498 2851 736 2920 circumscriptum
753 2867 800 2904 cor
819 2867 864 2914 ns,
883 2851 959 2906 idco·

72 2935 101 2972 ie
112 2917 239 2988 pluribus
256 2918 329 3000 locis·
341 2918 371 2973 in
387 2936 473 2999 coena
492 2920 589 2973 adesse
601 2936 657 2973 non
670 2935 759 2989 posse.
813 2936 861 2972 eze
874 2918 959 2991 alleg.

72 3004 144 3108 inip
152 2986 659 3125 iiidcccliihllhltioexri'ehecorcridighmehe
670 2985 957 3126 {rh'ysichuhisu‘ihriid-

72 3123 107 3184 di,
127 3125 202 3194 quod
220 3131 253 3178 ut
272 3133 300 3179 et
318 3132 455 3196 quatenus
467 3132 509 3179 est
520 3125 684 3195 humanum,
700 3124 730 3178 in
744 3124 871 3195 pluribus
888 3125 956 3179 locis

72 3207 107 3247 se
124 3193 208 3247 simul
226 3209 282 3247 non
298 3200 398 3264 potest.
432 3197 473 3247 At
495 3209 595 3263 corpus
614 3192 731 3261 Christi,
751 3193 804 3249 etsi
824 3210 888 3249 vere
906 3193 956 3247 hu·

72 3278 158 3316 anum
178 3279 279 3332 corpus
296 3269 354 3330 est,
376 3280 433 3317 non
452 3268 547 3317 tamen
565 3267 608 3317 est
625 3278 699 3317 mere
717 3261 879 3333 physicum,
906 3262 958 3316 sed

963 3432 1046 3528 -Γ
