2250 3772
101 218 167 287 406
236 215 342 302 caput
361 214 406 282 IL
434 168 502 280 ⁸De
522 214 670 301 symbolo
692 214 879 302 apostolico.

173 385 250 449 (Huc
267 384 409 451 pmfinent
421 383 514 437 omnia
525 381 686 451 scripturae
702 381 791 443 dicta.
806 399 919 455 quaem

105 454 207 513 Christi
224 454 261 509 ad
279 469 382 517 omnes,
398 452 523 523 adeoque
540 451 577 505 ad
593 450 756 505 universnm
772 453 907 509 mnndum

106 524 187 589 dunt,
224 538 333 592 uaeque
350 521 384 575 de
402 520 552 575 universali
569 519 713 575 voluntate
727 519 800 588 Dei,
825 528 854 579 et
869 522 919 577 uni*

106 609 140 651 ev
225 590 241 604 ‘'
259 589 473 645 annunciatione
490 596 517 642 st
534 586 732 645 beneficiorum
748 588 904 656 oblatione,

107 661 226 730 demque
250 658 400 728 rejectione
422 665 451 712 et
475 664 629 725 contemtu,
659 674 692 712 ac
709 665 913 715 contemtorem

106 729 267 799 loquuntur.
301 728 414 779 Errant
432 726 519 797 igitur
538 724 710 790 calviniani,
730 728 780 796 qui
799 726 919 783 cunum

106 802 167 852 tum
190 812 241 865 pro
267 793 361 849 electis
386 803 524 850 mortuum
543 810 604 849 csse
622 800 755 851 accersunt.
798 796 883 867 Impii
898 813 919 851 u

106 864 206 919 iisdem
224 862 290 917 falsi
307 870 336 917 et
353 862 507 943 blasphemi
525 870 604 931 sunt,
628 863 758 934 quicum
774 867 855 918 Base
872 864 919 921 cn

107 948 200 1003 neque
219 948 274 1001 quo
291 931 328 986 ad
347 932 491 985 consilium
508 931 571 999 Dei,
591 948 681 1002 neque
699 949 756 1003 quo
774 934 813 987 ad
828 933 919 991 effecti

107 1000 193 1063 tinet,
216 1017 271 1054 nen
292 999 383 1054 minus
399 1017 450 1070 pro
476 1000 670 1055 damnatorum
695 1003 820 1082 peccam
837 1008 919 1059 mortu

109 1068 287 1135 satisfecisse,
313 1085 398 1138 quam
423 1070 614 1139 propeccatis
632 1069 724 1139 Petri,
749 1070 835 1127 Pauli
854 1076 885 1127 et
898 1089 919 1127 or

108 1144 275 1204 sanctorum,
293 1136 418 1207 impium,
434 1136 538 1193 falsum
550 1146 578 1193 et
588 1138 782 1209 blasphemum
793 1156 856 1195 esse
869 1140 919 1197 clu

108 1206 183 1265 Vide
200 1204 465 1274 Colteanompcl
485 1251 491 1262 .
511 1225 538 1277 p.
548 1213 607 1264 547.
624 1212 653 1261 et
670 1224 742 1277 resp.
754 1213 780 1263 2.
806 1211 919 1263 Besae

107 1292 136 1347 p.
149 1281 208 1333 219.
225 1279 285 1329 221.
303 1274 446 1327 immam
463 1225 509 1328 llic
525 1275 624 1330 iterum
638 1283 688 1343 est,
706 1276 795 1331 allata
809 1277 919 1333 tesfime

110 1342 348 1401 universalitatem
380 1342 533 1399 electorum
561 1345 736 1416 restringere.
790 1343 839 1401 Sic
868 1346 919 1401 cuir

110 1412 192 1469 electi
211 1410 329 1467 museus
355 1428 420 1466 oves
438 1418 574 1480 errantes,
592 1413 667 1468 etin
683 1413 796 1469 Adamo
813 1415 919 1469 mortui

108 1478 208 1535 fuisset
224 1486 249 1537 2.
266 1480 359 1559 gratia
383 1478 485 1535 Christi
511 1481 673 1538 exuberans.
707 1480 815 1537 Genua
830 1485 912 1541 Rom.

110 1548 211 1604 Obstat
228 1554 251 1603 3.
270 1549 358 1602 illatio
372 1565 390 1602 a
406 1549 504 1603 minori
525 1551 561 1603 ad
578 1551 668 1620 majus
685 1567 742 1604 non
759 1569 813 1620 pre
829 1552 919 1606 nostm

112 1617 236 1672 dentium
255 1617 313 1671 scil.
337 1623 398 1671 tum
421 1635 454 1672 ex
470 1618 588 1673 Judaeis
611 1624 672 1672 tum
690 1636 724 1674 ex
760 1619 919 1689 entibus)t

110 1686 160 1741 sed
185 1686 270 1740 totius
296 1686 392 1740 mundi
423 1687 487 1752 (hoc
516 1693 573 1754 est,
602 1688 725 1742 omnium
767 1688 919 1742 ominnmi

110 1755 233 1819 mundo).
269 1753 316 1807 Ad
335 1772 404 1825 quos
422 1771 532 1818 omnes,
558 1760 587 1810 et
602 1773 657 1811 non
675 1757 712 1809 ad
730 1756 804 1810 solos
821 1757 919 1812 Judse

112 1824 183 1877 stols
207 1823 275 1878 haec
292 1824 413 1878 Johann.
438 1824 582 1879 Catholica
608 1825 720 1895 scripta.
759 1823 883 1880 Obstant
900 1833 919 1881 4.

112 1893 243 1955 illustria,
267 1909 340 1963 quae
357 1891 498 1947 Christum
522 1892 604 1948 etiam
627 1911 676 1964 pro
763 1894 919 1964 imorump

113 1961 279 2016 satisfecisse
298 1967 432 2015 asserunt
470 1960 515 2016 Sic
534 1968 671 2016 mercatus
718 1962 800 2015 ’citur
816 1979 878 2032 eos,
898 1980 919 2033 qi

111 2030 217 2083 minum
235 2029 392 2100 abnegant,
411 2033 439 2084 2.
456 2032 536 2084 Pctr.
555 2036 583 2091 2,
602 2037 625 2085 1.
644 2034 673 2087 2.
700 2031 749 2100 qui
765 2031 870 2085 Filium
886 2031 919 2085 Ia

112 2099 237 2166 culcant,
257 2105 285 2151 et
301 2099 464 2168 sanguinem
481 2100 653 2164 testamenti,
675 2116 726 2169 per
745 2117 829 2179 quem
848 2108 919 2155 nne

112 2167 274 2236 profanant,
289 2168 375 2221 Hebr.
395 2173 439 2233 10,
456 2171 502 2222 29.
540 2167 593 2231 Qui
610 2168 758 2221 illuminatr
816 2176 919 2223 stavcru

112 2250 181 2287 num
198 2234 330 2301 coeleste,
354 2253 449 2288 rursus
468 2237 525 2291 sive
549 2237 639 2290 denuc
655 2236 757 2290 Filium
821 2237 827 2249 '
847 2238 919 2292 cruci

112 2302 199 2358 Hebr.
218 2305 244 2370 6,
266 2305 292 2355 6.
329 2303 412 2356 Anne
429 2320 494 2358 vero
514 2305 583 2358 haec
607 2305 672 2358 solis
689 2305 785 2359 electis
805 2306 919 2387 applica

112 2369 198 2427 emt?
234 2370 343 2455 Apage.
379 2371 524 2426 [nsulsum
550 2379 592 2427 est
618 2379 641 2427 2.
661 2373 736 2427 dicta
751 2373 821 2428 haec
838 2375 919 2429 intell

113 2454 173 2493 esse
190 2437 259 2491 κατὰ
276 2440 393 2503 torrens
410 2442 543 2509 putative,
561 2442 619 2495 sive
636 2442 790 2495 secundum
807 2460 824 2496 ο
844 2443 919 2499 inion

114 2506 259 2562 charitatis
281 2507 430 2578 J'udicium,
455 2527 511 2562 non
538 2510 572 2564 de
600 2510 663 2580 ipsa
683 2510 723 2563 rei
746 2510 791 2564 rel
862 2512 919 2567 tiu

114 2578 249 2631 Piscator
268 2583 354 2633 contr.
374 2576 530 2632 Schalman.
547 2578 618 2634 thes.
637 2584 678 2634 68.
694 2595 759 2649 pag.
778 2585 822 2633 55,
839 2585 880 2636 bt.

114 2645 188 2705 euim
210 2644 312 2701 diserte
340 2646 408 2701 dicit
423 2663 495 2700 rcrs.
515 2653 545 2709 S,
572 2663 618 2701 cos
643 2644 728 2705 ὅπως
751 2664 816 2701 scre
839 2649 919 2719 reipsr

114 2714 250 2769 simulate.
271 2720 302 2768 ut
318 2731 382 2770 vere
401 2716 478 2768 Besa
495 2715 523 2768 in
540 2722 596 2769 not.
614 2715 670 2772 h.l.
683 2721 769 2781 notat,
783 2719 851 2780 (non
869 2734 919 2773 secl

114 2782 281 2855 opinioneml
302 2783 442 2866 effugisse.
484 2790 508 2839 2.
521 2783 662 2854 Effugisse
673 2784 911 2854 coinquinationes

113 2868 170 2906 non
188 2853 340 2907 secundum
353 2853 492 2922 judicium
509 2852 654 2906 charitatis
672 2859 796 2917 tanturn,
814 2854 865 2908 sed
883 2854 913 2909 in

114 2921 191 2976 tione
209 2920 323 2990 Christi,
349 2939 420 2976 vers.
440 2927 487 2981 20.
514 2928 543 2975 et
560 2921 634 2975 vitae
648 2921 787 2990 justitiae,
813 2938 840 2975 r.
852 2928 896 2989 21,

115 2994 218 3047 cuntur
235 3008 336 3044 nereus
363 2989 511 3059 implicati,
530 3007 556 3043 v.
575 2995 621 3054 20,
645 2996 674 3043 et
694 2996 845 3045 renonum
866 3007 919 3045 eon

115 3064 212 3113 sancto
230 3058 369 3117 mandato,
387 3076 413 3111 v.
432 3063 477 3123 21,
496 3057 586 3112 redire
604 3057 640 3110 ad
659 3057 853 3127 volutabrum,
871 3077 919 3114 ress

112 3128 383 3251 fciorapostariora
396 3126 492 3207 primis
509 3125 583 3193 fieri,
602 3143 628 3180 v.
646 3132 688 3183 22.
712 3126 806 3207 'Haec
830 3145 919 3199 quom<

113 3196 919 3333 th⁶¹3„¹’tt”ttthhtttst5ttssstsutf
