2250 3772
103 230 168 299 342
238 229 346 319 Caput
366 233 410 300 Π.
451 233 504 298 De
525 232 672 318 symbolo
694 230 877 320 apostolico.

106 401 189 456 Idem
208 400 271 459 (1.1.
290 418 314 458 c.
333 405 357 456 3.
376 406 395 456 t.
411 408 433 457 1.
453 401 504 456 ool,
516 399 618 457 405.0.
646 400 813 457 Interoessio
829 396 962 457 metri

105 469 183 526 facts
199 477 242 525 est
258 488 309 541 pro
317 470 410 538 Petro,
428 487 465 525 ne
479 469 611 551 deiceret
621 467 691 524 fides
703 470 774 541 ejus.
804 470 845 525 At
859 469 918 541 quid
928 466 962 523 n

106 540 144 594 ad
161 540 282 610 papam?
308 539 364 611 qui,
381 556 449 594 num
467 539 545 593 Petr1
560 555 702 593 successor
721 539 766 608 sit,
785 538 930 610 ambigitur.
952 534 962 589 1

107 609 132 662 si
151 615 223 664 esset
250 625 307 662 non
323 613 418 663 tamen
437 607 583 678 adipsum
602 607 763 662 intercessio
780 606 962 678 haecpsrhss

106 693 139 733 eo
158 648 234 749 quod
256 677 402 759 personale
419 676 522 731 donum
534 681 614 731 esset.
641 676 699 732 Ubi
708 676 793 758 simul
803 684 886 733 acta:
900 674 962 731 sPst

106 751 306 895 diffiido
321 746 420 895 iisd
430 762 512 895 ime}
529 752 830 883 diffidi-i
838 742 962 869 fflht

106 888 252 953 utnusqus
279 888 316 937 sit
339 888 411 937 raho
435 888 464 938 et
488 900 517 936 m
538 899 670 953 persons,
696 889 727 938 et
749 883 780 937 in
805 882 908 953 officro,
929 886 962 937 a·

108 950 249 1022 doctrina,
268 958 296 1006 ct
313 950 343 1005 in
360 952 437 1019 vita.)

401 1071 468 1135 DE
489 1068 733 1136 OONOEHS.

108 1180 140 1248 8.
173 1178 258 1259 Quid
276 1203 347 1245 vcro
370 1182 580 1246 deductorum
595 1183 734 1245 ecclesiae
748 1182 962 1245 conciliastis

148 1289 223 1332 num
244 1277 273 1331 et
293 1268 354 1329 iata
375 1266 408 1328 ia
431 1267 639 1349 dijudicandis
660 1290 698 1331 ao
719 1267 892 1332 &adadu
905 1260 962 1349 fida'

174 1351 387 1416 controversiis
400 1373 436 1413 ac
451 1352 622 1438 disciplinis
637 1351 845 1417 ecclesiasticis
858 1368 948 1417 more

446 1458 541 1520 posce
562 1434 677 1501 sentis?

196 1533 234 1600 Si
255 1534 384 1618 quidem
404 1535 438 1599 in
460 1534 579 1601 Chn'sti
598 1535 727 1600 nomine
757 1532 962 1635 congregatis

111 1620 251 1684 cundum
271 1620 398 1684 unicam
419 1643 460 1686 ss.
480 1620 663 1707 Scripturas
683 1643 830 1685 normam
856 1642 921 1706 pre,
943 1614 962 1681 si

111 1724 183 1770 cere
205 1716 236 1769 et
256 1705 356 1770 libere
377 1704 553 1789 dijudicent
581 1727 619 1770 ao
644 1706 810 1783 decidant,
839 1722 962 1769 erraret

111 1812 177 1855 non
204 1812 299 1875 posse
328 1802 432 1854 statuo
439 1814 448 1867 3
481 1790 531 1854 sin
552 1813 626 1856 vero
657 1813 722 1854 non
742 1790 776 1854 in
799 1788 962 1867 Christi,s

111 1876 153 1941 ed
168 1875 297 1940 alterius
313 1874 447 1959 alicujus
466 1875 605 1975 nomine,
625 1875 765 1974 seposita
779 1897 820 1938 ss.
838 1874 962 2022 Scriptus

934 1954 962 2021 sii

111 1984 240 2038 nonna,
262 1961 314 2025 vel
335 1960 498 2045 proprium
520 1983 608 2047 genn
629 1983 679 2025 su1
689 1960 848 2045 ductum,
870 1982 907 2024 ve

112 2068 184 2110 rum
202 2070 222 2109 a
237 2045 404 2132 Scriptura
425 2045 555 2109 dissona
574 2046 692 2131 placita
710 2055 894 2128 sequantur,
913 2062 962 2108 ern

111 2152 176 2195 non
198 2130 302 2194 solum
322 2141 464 2215 possunt,
487 2130 544 2195 sed
565 2130 704 2229 graviter
723 2129 914 2213 quandoque
930 2146 962 2193 en

112 2225 196 2291 nunt,
217 2214 251 2277 id
274 2216 360 2297 quod
381 2215 496 2279 iterum
511 2213 677 2300 Senptura
694 2227 726 2279 et
742 2214 894 2278 historiae
912 2222 962 2277 ott

112 2298 267 2385 perientia
277 2299 464 2364 indubitatis
480 2300 572 2364 dictis
587 2322 624 2365 ao
635 2299 789 2384 exemplis
801 2297 962 2385 comproba

182 2399 200 2467 (
202 2396 331 2453 Uocontia
356 2409 421 2454 comt
446 2417 611 2470 conprensus
637 2400 861 2482 praeceptorum
886 2398 962 2452 aaa

114 2468 273 2536 doctorum,
300 2486 332 2523 eo
349 2471 408 2539 flac
426 2470 561 2538 instituti,
586 2477 617 2522 ut
639 2488 668 2521 m
686 2468 748 2522 illis
759 2468 904 2537 judicium
919 2462 954 2521 sti

112 2554 181 2593 ocra
192 2537 313 2619 salsave
330 2538 475 2608 religione,
493 2539 538 2592 vel
557 2540 592 2591 dc
610 2537 686 2590 disci
704 2538 766 2591 lina
783 2545 811 2589 et
824 2538 962 2590 ria'bcsas

114 2606 252 2675 siootscis,
280 2608 367 2675 juxta
387 2607 599 2677 praescriptum
625 2624 672 2659 ver
698 2607 703 2619 '
727 2605 821 2659 divini
850 2603 962 2659 institui

112 2674 253 2730 Dicuntur
280 2674 349 2729 alias
376 2676 484 2747 synodi.
532 2676 640 2729 Horum
668 2674 724 2729 alia
753 2678 820 2727 sunt
846 2666 962 2729 oocunsn'

114 2743 172 2798 sive
189 2743 369 2813 universalia,
396 2761 468 2816 quas
495 2761 529 2799 ex
548 2744 676 2799 universo
701 2741 768 2797 orbe
787 2740 962 2797 christianos

114 2818 246 2894 gregata,
272 2812 366 2884 qualia
388 2812 526 2867 habentur
552 2819 574 2868 l.
598 2812 735 2869 Nicenum
782 2816 807 2866 2.
830 2803 962 2866 conracti

113 2882 280 2953 politanum,
313 2888 336 2938 3.
359 2881 544 2951 Ephesinum,
572 2887 596 2936 4.
625 2851 866 2949 chalcedonense,
896 2876 962 2934 vd!

113 2951 172 3005 rica
188 2950 247 3005 sive
282 2950 447 3014 montorio,
485 2966 537 3004 uas
554 2967 604 3020 per
623 2948 746 3020 singulas
757 2948 886 3029 regiones
897 2946 962 3015 vsi!

113 3018 219 3075 vincias
236 3035 269 3073 co
292 3018 411 3091 ‘guntur¹
480 3035 586 3101 aesque
602 3017 647 3073 vsl
665 3023 730 3071 sunt
745 3017 910 3085 natronsha,
932 3014 962 3071 tot

114 3086 238 3171 aiiquus·
250 3088 345 3158 regni3
368 3086 415 3169 vel
430 3088 625 3169 provincialia,
641 3086 791 3168 cujuslihet
806 3086 887 3167 regni
902 3082 962 3169 utiq

113 3155 732 3297 marathunta
748 3154 962 3295 apuu

116 3292 259 3361 Quaedam
283 3292 313 3347 in
330 3293 462 3349 doctrinis
479 3292 545 3349 fidei
561 3293 773 3349 fundamentum
790 3292 838 3347 vol
854 3290 962 3349 labora
