2250 3772
309 213 362 279 De
384 214 461 284 VH.
483 216 648 301 petitione.
867 221 932 290 467
968 274 970 281 .

86 433 91 451 .
121 382 201 449 Cur
223 387 374 470 petimus,
400 397 450 463 ut,
479 411 549 450 oum
574 387 652 453 hora
679 391 787 453 mortis
808 393 933 468 venerit,

86 468 176 534 licem
195 468 291 535 nobis
315 469 399 535 vitae
421 469 542 619 exitutp
565 474 699 558 creastis,
717 473 814 537 Pater
835 475 903 538 lar·

407 568 513 642 piatur

101 670 188 753 Quia
209 673 275 739 vita
295 685 404 740 nostra
420 698 486 739 non
501 673 632 739 fortuito
649 695 725 739 easu
738 673 848 753 fertur,
871 675 929 738 sed

86 759 280 824 tentissimus
299 761 397 825 Pater
411 760 516 826 eidem
529 759 700 825 terminum
713 755 929 860 praescripsit,

86 865 173 927 uque,
199 857 395 910 momentum
415 856 511 930 atque
538 845 649 910 horam
671 857 790 909 oertam
812 868 929 945 amque

86 929 188 1006 stavit,
210 952 292 1014 quae
314 931 371 995 ubi
391 932 520 995 tandem
549 930 722 1015 aliquando
741 953 803 1030 pro
826 932 928 1018 ipatus

86 1014 214 1100 eplaoito
237 1016 410 1095 advenerit,
431 1016 580 1102 petimus,
600 1026 637 1079 ut
651 1017 812 1081 Dommus
833 1016 928 1081 nobis

86 1121 137 1177 tae,
158 1123 219 1165 nos
240 1100 275 1165 in
293 1124 369 1166 vera
388 1101 451 1166 fide
467 1123 664 1178 conservare,
688 1111 719 1165 et
739 1101 866 1165 felicem
880 1101 928 1165 vi-

89 1184 209 1248 exitum
227 1209 267 1251 ex
288 1187 348 1251 hae
362 1186 476 1251 morali
498 1188 539 1250 ad
554 1186 724 1251 coelestem
745 1186 844 1250 vitam
865 1187 929 1250 lar-

97 1269 182 1336 velit.

86 1385 213 1454 (Notetur
230 1386 276 1443 hie
294 1386 330 1441 D.
348 1387 504 1442 Bemhardi
528 1388 629 1443 devota
649 1387 775 1458 peceatio
798 1405 832 1442 ex
856 1391 925 1442 orat.

86 1453 170 1510 hmiea
188 1456 225 1510 ad
244 1455 345 1511 faciem
362 1456 478 1524 Christi,
500 1452 556 1512 ool]
574 1463 647 1513 1659.
688 1456 764 1510 Dum
788 1472 833 1510 mo
856 1455 927 1510 mori

86 1541 202 1591 recessa,
226 1525 283 1579 noli
301 1525 368 1579 mihi
387 1533 455 1580 tuno
475 1527 579 1582 deesse.
615 1525 650 1579 In
669 1526 814 1580 tremenda
830 1525 927 1579 mortis

86 1633 91 1660 ‚
105 1595 171 1718 lpeeni
189 1594 260 1675 Jesu
278 1595 384 1718 mlle
400 1611 486 1648 mora.
513 1595 605 1717 tirunem
623 1611 667 1650 me
688 1600 716 1649 et
733 1594 828 1649 libera.
855 1593 927 1649 Cum

88 1679 106 1715 u
139 1679 316 1734 sem1grare,
354 1681 403 1719 esu
423 1680 496 1731 care,
566 1680 711 1734 suppare.

158 1816 229 1881 114.
278 1815 375 1895 Quem
396 1819 472 1881 diois
494 1821 610 1882 esitium
624 1814 776 1901 felicem?

100 1932 214 1999 Exitus
243 1935 327 1998 vitae
348 1935 427 1999 felix
448 1946 507 2011 est,
534 1935 592 2000 ubi
613 1935 685 2018 quis
709 1934 744 1997 in
763 1955 839 1997 vera
861 1934 926 1998 fido

86 2018 187 2084 sdenti
216 2019 417 2084 invocatione
442 2020 580 2084 animam
610 2043 701 2084 suam
724 2016 853 2083 Christo
875 2041 926 2084 re-

86 2104 170 2188 tptori
185 2105 395 2183 commendat,
412 2105 529 2191 pieque
543 2105 578 2169 in
592 2105 735 2170 Domino
755 2103 924 2168 obdormit

86 2320 89 2334 .
127 2271 194 2338 C'ur
207 2274 363 2420 petimus,
385 2286 421 2338 at
438 2274 528 2340 Deus
572 2299 608 2338 ro
631 2289 691 2339 atto
711 2277 846 2359 pratella
869 2277 925 2341 bo-

86 2367 127 2421 ote
149 2380 187 2422 es
231 2380 268 2422 ae
288 2358 488 2423 miseriarum
512 2299 595 2424 valle
617 2363 660 2423 ad
680 2383 711 2424 se
733 2361 764 2421 ia
789 2361 905 2424 eoelum

350 2459 409 2508 uos
428 2443 583 2528 recipiat?

99 2557 183 2641 Quia
203 2560 270 2626 vita
290 2559 370 2625 haee
390 2560 425 2624 in
446 2560 493 2625 rei
514 2559 646 2625 veritate
665 2559 752 2624 aliud
766 2560 846 2624 nihil
865 2572 924 2639 est,

89 2646 178 2710 vallis
192 2645 402 2730 miseriarum,
425 2645 668 2722 calamitatibus,
684 2645 923 2710 infirmitatibus

86 2727 319 2796 ibulationibus
342 2730 502 2807 obnoxia3
536 2730 661 2795 eoelum
681 2753 756 2795 vero
778 2742 847 2795 tuta
864 2752 924 2795 no-

95 2816 196 2900 patria
220 2826 285 2893 est,
312 2820 366 2880 ubi
398 2819 485 2882 dolor·
512 2839 670 2901 aurequom
699 2820 843 2901 seutitur,
867 2818 925 2880 ahi

86 2902 135 2966 itus
157 2919 318 2986 nunquam
341 2904 485 2978 attolitur,
514 2903 569 2963 aba·
589 2905 674 2963 triste
694 2901 772 2963 rtilrt'l
791 2904 921 2978 videtur,

87 2985 200 3051 laetitia
222 3008 345 3085 semper·
363 2986 507 3061 liabetur,
528 2985 714 3048 obimatum
736 2987 855 3048 uallum
878 2987 920 3048 ti·
969 3044 972 3049 .

86 3093 117 3147 tr,
152 3073 299 3154 quoniam
333 3071 377 3133 tbi
406 3093 558 3133 summum
592 3071 704 3132 bonum
732 3072 920 3155 possidetur,

86 3154 93 3217 l
116 3168 159 3220 est
188 3157 291 3220 videre
318 3175 437 3239 semper
454 3155 573 3237 faelem
601 3155 736 3218 Domini
762 3156 920 3219 virtutum.

86 3248 147 3321 pist.
169 3242 203 3303 ia
221 3239 390 3324 soliloquiis
412 3259 438 3305 c.
460 3239 511 3303 39.
533 3249 554 3302 t.
576 3239 606 3306 9.
631 3237 690 3302 col.
714 3237 764 3303 88.
786 3239 830 3307 D.

706 3345 752 3390 w!

882 3508 886 3517 -
945 3426 1032 3548 Γ
