2250 3772
237 238 390 324 Syllabas
413 263 519 311 rerum
540 251 571 304 et
591 241 769 307 verborum.
898 241 961 308 671

54 408 269 478 Praeceptum,
288 409 448 479 parentibus
466 409 689 490 aequiparantur.
708 415 741 464 96
759 427 817 481 seq.

54 478 299 542 Praadestiaata'o,
324 477 416 532 differt
440 496 458 532 a
476 478 663 549 providentia,
684 477 875 561 praescientia.
901 484 961 536 237.
1056 510 1059 515 ·

89 550 200 599 tantum
217 553 259 600 est
276 547 320 600 ad·
332 553 471 601 creaturas
483 547 637 601 rationales.
655 548 723 603 ibid.
754 560 862 618 semper
874 554 915 602 est
931 549 963 603 in

89 613 170 669 bono.
189 616 257 667 ibid.
289 615 383 670 differt
402 616 484 670 etiam
503 632 520 670 a
536 616 726 672 destinatione.
745 621 803 671 398.
831 634 884 670 nus
905 616 961 670 iam

85 683 128 806 ἱὲιΖ
149 683 286 804 atemptare
315 685 433 738 sumitur
460 703 509 755 pro
538 686 737 754 reprobatione.
769 691 827 742 399.
878 634 960 739 doni.

128 768 158 804 aa
173 770 207 806 zo.

50 836 238 890 Praedicatio
257 838 395 907 aaaaqalii
411 856 458 891 saa
475 839 554 891 uerbi
571 839 636 902 Dei,
653 839 741 893 virtus
758 837 797 894 11.
818 836 962 908 praecepti

88 910 137 960 est.
160 911 199 960 15.
217 913 283 960 nota
299 923 381 961 verae
394 907 534 963 ecclesiae.
553 912 612 964 351.

50 989 289 1046 Praedicatioaes
302 994 478 1061 personales,
497 993 645 1047 inusitatae
669 999 697 1046 et
714 988 867 1062 singulares
885 996 958 1046 sunt.

88 1063 139 1113 256
172 1077 230 1130 sqq.
284 1061 484 1117 describuntur.
514 1066 572 1116 256.
616 1061 773 1130 reciprocae
797 1065 870 1115 sunt.
901 1065 962 1115 258.

87 1127 205 1182 maxime
222 1129 251 1182 in
269 1128 291 1184 Ι.
309 1148 443 1184 commun.
459 1130 552 1185 idiom.
571 1147 678 1200 genere.
698 1135 755 1184 261.
791 1129 821 1182 in
838 1128 876 1184 II.
893 1145 962 1184 vero

88 1196 208 1250 minime.
233 1203 290 1253 266.
329 1200 559 1266 sacramentales,
584 1197 784 1252 describuntur.
808 1203 866 1252 554.
900 1215 958 1252 non

88 1272 153 1318 sunt
163 1267 292 1336 propriae
310 1273 338 1322 et
351 1268 498 1338 regulares.
511 1269 578 1322 ibid.
608 1284 660 1321 nec
672 1267 801 1335 tropicae.
817 1271 867 1320 554
879 1282 957 1336 seqq.

49 1350 249 1404 Praesciaatia
260 1355 327 1419 Dei,
346 1353 518 1406 describitur.
539 1359 598 1408 231.
629 1369 684 1405 non
704 1367 814 1405 omnem
831 1368 864 1405 ex
874 1350 961 1404 rebus

87 1419 304 1490 contingentiam
322 1422 402 1476 tollit.
422 1422 489 1474 ibid.

49 1504 224 1557 Praesentia
243 1507 309 1572 Dei,
326 1506 386 1572 eius
405 1507 508 1576 gradus
525 1503 712 1575 distinguendi
730 1509 802 1559 sunt.
822 1509 879 1560 216.
897 1509 957 1560 284.

88 1578 147 1626 303.
184 1574 374 1628 conditionalis
393 1583 441 1628 est.
468 1580 602 1630 3411316.
650 1572 757 1627 Christi
773 1574 802 1626 in
820 1591 841 1626 s.
862 1590 959 1643 coena

87 1642 224 1697 asseritur.
244 1649 293 1697 565
313 1660 388 1713 seqq.

49 1728 241 1797 Praesaaata'o,
259 1736 301 1782 est
317 1729 415 1782 vitium
432 1727 454 1782 Ι.
472 1729 620 1798 praecepti.
641 1734 683 1783 61.

50 1797 170 1859 Preces,
195 1796 229 1849 ad
247 1797 446 1851 ordinationem
464 1797 648 1849 ministrorum
666 1795 799 1850 ecclesiae
815 1795 960 1876 requirun-

87 1870 141 1918 tur.
159 1870 217 1920 361.
249 1884 411 1924 aommraaes,
429 1872 501 1928 sunt,
522 1866 571 1918 sed
588 1883 652 1934 pars
670 1865 764 1935 aliqua
781 1863 865 1919 officir
885 1864 957 1918 chri·

88 1933 194 1987 stianae
220 1934 368 1988 charitatis.
389 1938 603 1988 4314111165.
644 1932 704 1986 Deo
729 1939 859 2001 acceptae
882 1937 956 1986 srmt.

87 2008 147 2057 468.
167 2008 196 2056 et
212 2002 248 2056 ab
267 2020 299 2056 eo
319 2002 510 2056 exaudiuntur.
528 2007 586 2056 410.
633 2002 698 2056 licet
719 2018 775 2055 non
798 2018 906 2069 semper
929 2006 962 2055 et

87 2071 181 2124 statim
203 2076 267 2141 post
286 2088 392 2153 preces.
416 2071 484 2123 ibid.
508 2079 533 2123 et
558 2087 632 2138 seqq.
673 2069 772 2123 iisdem
795 2068 956 2124 instandum

88 2145 137 2194 est.
157 2145 215 2194 473.
250 2142 371 2208 iniquae,
390 2139 473 2209 plane
491 2157 546 2193 non
565 2138 756 2192 exaudiuntur.
775 2143 834 2193 412.

48 2226 270 2292 Presbyteriam‚
290 2226 393 2278 dicitur
411 2225 495 2276 etiam
512 2223 636 2275 ecelesia.
656 2227 714 2277 331.

49 2295 204 2362 Principia
221 2295 363 2348 uobiscum
379 2293 537 2358 aasaeatia,
559 2296 741 2346 testamentur
758 2292 792 2346 de
809 2291 879 2346 Deo.
898 2299 960 2350 201.

49 2363 201 2417 Processio
222 2362 347 2432 Spiritus
364 2362 468 2429 sancti,
493 2360 612 2415 habetur
633 2360 670 2439 in,
684 2358 826 2482 Scriptura
849 2381 871 2416 s.
897 2368 955 2419 326.

87 2437 131 2485 est
147 2432 291 2486 character
307 2447 440 2500 personae
455 2429 549 2499 ipsius.
570 2434 627 2484 211.
662 2429 747 2482 meffa
767 2429 811 2483 ilis
828 2436 877 2485 est.
896 2437 959 2487 212.
1067 2458 1071 2465 ·

88 2505 147 2555 268.
182 2500 259 2554 facta
275 2507 317 2555 est
336 2500 372 2554 ab
391 2505 502 2553 aeterno
522 2515 540 2551 a
557 2497 641 2552 Patre
659 2503 686 2553 et
704 2496 782 2553 Filio.
802 2505 861 2555 216.

48 2569 259 2637 Prodipalitaa
276 2568 381 2623 furtum
399 2575 447 2622 est.
470 2572 526 2622 124.

49 2656 194 2722 Proditis,
211 2654 329 2708 habetur
346 2670 396 2723 pro
414 2650 569 2705 homicidio.
589 2656 645 2704 105.

48 2725 258 2779 Promissioaas
277 2722 462 2788 avaapaliaaa,
479 2718 617 2773 habentur
633 2724 694 2772 tum
712 2717 742 2771 in
753 2718 788 2774 V.
806 2722 865 2772 tum
878 2719 908 2772 in
922 2720 957 2776 N.

86 2791 163 2852 Test,
184 2797 241 2847 191.
271 2798 335 2844 sunt
354 2789 491 2860 grattntoe
510 2796 540 2842 et
556 2787 732 2840 universales.
753 2793 808 2842 195.
822 2793 880 2843 383.
895 2794 958 2846 408.

87 2860 285 2915 conditionales
304 2865 377 2914 certo
395 2858 483 2912 modo.
504 2861 562 2912 340.
599 2855 770 2910 firmissimae
788 2864 860 2912 sunt.
880 2861 939 2912 385.

47 2946 258 3002 Promissioaas
283 2945 404 3012 baala,
433 2942 577 3012 requirunt
607 2941 793 2994 conditionem
814 2941 961 3010 perfectae

85 3014 260 3084 impletionis.
277 3018 318 3069 58.
340 3018 395 3068 194.
427 3017 492 3066 sunt
509 3027 573 3065 cum
590 3009 751 3079 exceptione
768 3009 858 3062 crucis
875 3010 961 3064 intel-

86 3083 224 3164 ligendae.
244 3087 285 3138 58.
318 3080 457 3135 habentur
479 3080 561 3134 etiam
584 3079 613 3131 in
630 3079 664 3135 N.
681 3079 802 3131 Tectam.
823 3084 879 3133 192.
915 3079 956 3132 di-

84 3151 267 3223 stmguendae
285 3156 351 3204 sunt
369 3149 405 3203 ab
424 3147 598 3219 evangelicis.
622 3153 679 3202 195.

50 3223 213 3290 Prophetae
237 3220 266 3274 V.
288 3221 375 3288 Post,
395 3218 508 3272 fuerunt
524 3232 608 3269 causa
625 3214 788 3269 administra
803 3215 960 3286 scripturae

86 3291 122 3346 V.
140 3290 261 3344 Testem.
280 3294 303 3344 3.
321 3287 351 3340 in
368 3285 540 3340 matrimonio
559 3284 694 3337 vixenmt.
715 3287 771 3337 120.

48 3360 232 3428 Propositum
258 3357 325 3425 Dei,
351 3354 522 3410 describitur.
548 3358 607 3408 400.
651 3351 702 3406 ubi
729 3350 891 3407 inveniatur.
919 3352 960 3405 ia.
1033 3344 1068 3552 ι
