2250 3772
105 221 171 309 538
231 301 235 309 Ι
277 217 384 308 Caput
405 222 446 287 V.
490 220 543 285 De
564 240 665 284 coena
684 221 858 289 dominica.

105 390 182 455 dine
213 388 423 465 adhibentur,
454 388 626 473 quianon
653 399 781 455 tantum
809 414 903 457 venas
928 392 1009 480 panis

107 485 197 552 sunt,
224 495 334 539 verum
356 473 451 537 etiam
472 474 514 537 ad
535 473 796 540 distributionem
817 489 851 541 et
868 478 1009 565 sumptio·

107 582 182 625 nem
202 561 252 624 vel
272 558 410 622 maxime
430 559 565 623 idoneae
586 572 668 625 sunt.
795 630 800 635 ,

120 668 122 673 “
176 662 307 724 (Errant
329 658 416 729 igitur
436 657 610 727 Catorissium,
634 658 682 729 qui
706 657 807 714 hostiis
830 661 892 717 istis
915 678 1009 717 summo

108 745 172 784 cum
191 728 331 795 scandalo,
350 731 459 797 praeter
477 729 561 781 ullam
574 735 720 798 urgentem
732 745 856 798 causam,
873 730 1009 803 abrogati.

108 798 154 853 vel
172 797 311 851 triticeum
330 796 375 850 vel
392 795 603 851 frumentarium
620 813 722 868 panem
742 798 829 853 alium
846 799 877 853 in
896 816 949 855 usn
960 816 1009 855 cos·

109 883 163 921 nae
187 865 373 932 substituunt,
399 855 427 919 ist
450 865 489 918 sic
512 865 668 920 libertatem
685 865 870 921 christianam
888 876 1009 941 quantu

108 934 222 1006 quidem
241 939 358 1004 possunt
377 934 549 987 subvertunt
589 936 700 987 Porcus
719 936 745 988 d.
763 935 783 988 1.
803 952 829 994 c.
849 943 889 992 11.
906 954 956 1007 per
969 942 1008 993 tu

109 1009 215 1084 putot.
251 1002 304 1055 Nil
331 1003 421 1057 obstat
448 1009 469 1058 1.
493 1003 568 1073 quod
586 1001 713 1057 Christus
737 1005 881 1059 communi
903 1004 1008 1087 pansjr

108 1088 213 1195 {Irni-ricla
225 1088 313 1196 qqup
332 1072 1008 1213 gqrpgtusquflrpsaqsphpfieqqgjmqq‹22⁰5qu

130 1226 167 1263 no
183 1208 244 1277 ipso
264 1216 292 1262 et
310 1208 449 1276 apostolos
471 1209 500 1261 in
519 1209 661 1279 primitiva
682 1210 801 1264 ecclesia
824 1227 940 1266 coenam
955 1226 1008 1265 coa·

109 1227 212 1333 iecisse
231 1277 311 1331 testis
330 1284 373 1330 est
390 1279 535 1346 Epaphus.
555 1278 573 1331 l.
597 1284 618 1331 1.
637 1277 742 1332 haeres.
763 1285 807 1335 30.
825 1286 894 1333 tom.
915 1288 937 1335 1.
954 1296 1008 1350 pag.

112 1353 154 1415 69,
174 1346 255 1417 quoi
277 1363 306 1399 so
325 1346 408 1400 etiam
426 1364 476 1401 nos
494 1346 605 1402 utimur.
639 1346 680 1400 At
702 1346 749 1400 isti
769 1354 890 1403 utuntur
905 1348 1008 1404 fermu-

108 1421 176 1470 tato,
214 1421 237 1469 2.
256 1363 381 1468 &hristus
403 1415 548 1484 usurpavit
569 1432 670 1486 panem
688 1416 931 1485 grandiusculum,
953 1416 1007 1489 quia

111 1483 263 1552 desumpsit
280 1500 314 1537 ex
332 1484 397 1554 agni
414 1484 552 1553 paschalis
572 1483 662 1553 epulo.
688 1485 729 1538 At
746 1485 815 1565 quid
833 1493 894 1539 tum
904 1484 1008 1557 posted

110 1552 215 1607 Ideone
230 1552 346 1606 similem
363 1561 392 1606 et
407 1569 457 1606 nos
475 1552 608 1608 adbibere
624 1569 779 1607 necessario
800 1554 953 1610 debemus?
968 1551 1006 1609 nbi

110 1638 145 1677 ea
164 1621 198 1675 de
218 1622 427 1675 remandatum
447 1621 598 1676 babemus?
633 1620 808 1677 Libertatem
830 1623 877 1678 hic
897 1622 1007 1678 christia·

110 1708 176 1744 nam
194 1690 295 1745 rectius
314 1690 487 1746 attendimus.
519 1692 571 1744 Nil
590 1692 681 1744 obstat
701 1697 724 1745 2.
739 1691 845 1745 hostias
866 1699 888 1747 l.
906 1690 1009 1747 scaritis·¹

111 1759 169 1815 lum
186 1757 335 1839 praebere;
367 1765 390 1814 2.
409 1758 563 1813 doctrinam
584 1759 720 1830 evangelii
738 1759 905 1829 obscurare3
934 1772 956 1817 3.
971 1776 1008 1813 sn·

111 1828 286 1898 perstitionss
307 1827 441 1895 stabilire,
457 1828 570 1881 Parcus
588 1828 607 1885 l.
621 1834 643 1883 l.
661 1828 697 1882 de
713 1828 805 1898 symb.
824 1845 940 1885 sacram.
956 1832 1005 1885 at.

111 1916 176 1969 pag.
197 1902 229 1952 58
248 1914 324 1969 seqq.
351 1903 379 1950 et
404 1913 467 1967 pag.
493 1903 549 1953 109.
589 1895 689 1952 Omnia
713 1896 792 1951 false.
835 1896 883 1952 Da
911 1899 1006 1953 demon

111 1966 231 2021 strandi!
264 1974 287 2020 4.
308 1967 490 2019 t‘on‘nnctam
512 1965 669 2034 opinionem
693 1965 867 2021 necessitatis
885 1975 914 2022 et
930 1966 1007 2021 cultos

111 2035 222 2090 babere.
260 2035 342 2087 Idem
360 1985 427 2089 ibid.
468 2040 534 2088 .60.
573 2033 684 2114 Inique!
710 2034 767 2090 Nos
786 2040 820 2088 ut
838 2034 1006 2091 ceremoniam

111 2105 193 2174 plene
207 2102 323 2158 liberam
343 2110 370 2158 et
386 2052 589 2157 inuida-entem
606 2111 676 2157 citra
686 2103 772 2157 ullam
783 2106 1008 2160 necessitatene

111 2173 218 2227 cultum
238 2188 326 2242 usque
347 2172 416 2226 adeo
435 2173 626 2235 observamus,
651 2178 683 2225 ut
707 2172 822 2226 alterius
841 2174 923 2242 panis
939 2188 1006 2226 usnn

111 2257 242 2295 revocare
259 2241 346 2306 nobis,
350 2240 551 2363 1pousentiente
570 2240 694 2362 ecqlesia
708 2241 766 2320 inte
786 2260 850 2321 'um
863 2259 923 2296 esse
933 2242 1006 2295 libere

110 2314 274 2433 bittit?
295 2317 408 2431 liei}
428 2314 675 2448 ffiqpqap.5q.‚
700 2314 1006 2433 tbsttfflsltt‘t

111 2447 269 2503 libertatem
288 2445 362 2513 tolli,
382 2452 410 2500 et
430 2445 549 2515 hostias,
573 2464 617 2500 res
640 2447 669 2500 in
686 2453 715 2500 et
730 2463 780 2515 per
797 2465 828 2502 se
846 2447 1007 2570 adiaphoros,

111 2535 163 2588 pro
180 2516 307 2570 absolute
326 2515 418 2585 impiis
438 2523 465 2569 et
484 2515 563 2568 malis
582 2515 617 2569 ab
635 2515 694 2568 istis
712 2516 817 2584 haberi,
837 2516 890 2571 hoo

111 2604 180 2640 mus.
218 2586 270 2637 Nil
290 2586 381 2637 obstat
406 2590 429 2637 3.
448 2601 508 2638 esse
527 2601 545 2636 a
565 2584 742 2653 pontificibus
766 2585 889 2639 romanis
910 2585 947 2639 ad
962 2590 1007 2637 sta·

111 2653 247 2709 biliendas
259 2651 469 2722 superstitiones
484 2652 636 2707 missaticas
648 2653 783 2707 inventas.
811 2656 926 2707 Pareae
938 2654 1007 2721 alleg.

110 2723 163 2780 loc.
181 2739 245 2792 pag.
267 2729 313 2776 lbi
336 2739 393 2791 seq.
420 2721 473 2774 Est
491 2721 564 2776 enim
581 2721 686 2776 elench.
708 2738 808 2775 causae
827 2727 857 2777 et
874 2721 946 2776 finis.
972 2720 1009 2775 An

112 2797 141 2847 et
157 2810 174 2846 a
193 2809 257 2861 quo,
275 2808 332 2857 cur,
352 2799 380 2844 et
393 2791 505 2860 quando
525 2790 655 2845 inventae
666 2789 722 2843 sint
748 2788 861 2859 probari
876 2798 951 2847 certo
963 2805 1009 2843 non

111 2867 212 2930 potest.
250 2859 396 2913 Prolerant
422 2858 489 2912 certi
519 2859 585 2928 quid
612 2875 644 2912 ex
673 2830 773 2929 Oedipi
801 2860 948 2928 scrutinio,
971 2854 1009 2929 qui

111 2935 235 2999 possunt.
261 2927 375 2982 Certum
392 2936 434 2981 est
453 2928 560 2999 aliquot
578 2927 678 2982 seculis
697 2945 744 2981 eas
764 2928 792 2981 in
812 2929 1009 2983 ecclesianam·

111 3005 202 3067 palas.
236 2996 314 3051 Citra
336 2998 343 3049 i
366 2997 422 3049 itur
442 2995 666 3066 superstitionem
690 3001 718 3049 et
735 3013 785 3050 nos
804 2998 918 3051 easdem
935 2996 1009 3072 libero

112 3066 284 3120 adhibemus.
354 3066 376 3119 il
401 3066 491 3119 obstat
511 3072 535 3120 4.
554 3065 665 3119 inutiles
683 3081 743 3119 esse
761 3065 799 3118 ad
819 3066 922 3120 alenda
937 3070 963 3119 et
979 3080 1009 3117 cr·

111 3134 205 3189 banda
222 3151 352 3204 corpora,
376 3133 495 3203 ideoque
516 3150 568 3187 nec
586 3133 729 3214 analogice
749 3133 923 3202 spiritualem
946 3131 1009 3187 cibu-

111 3203 215 3257 tionem
234 3208 262 3257 et
279 3202 438 3257 alimoniam
452 3202 574 3272 comonis
586 3201 689 3256 Christi
706 3212 1008 3273 repraesentaremus.

109 3273 222 3325 Parcus
242 3271 269 3325 d.
287 3270 304 3326 l.
330 3289 357 3340 p.
377 3277 410 3326 64
428 3288 485 3342 seq.
511 3277 540 3325 et
560 3289 587 3340 p.
608 3277 664 3327 108.
685 3277 742 3341 109,
767 3270 816 3325 ubi
837 3279 867 3327 et
891 3270 1009 3326 munus·

928 2530 1007 2570 amnt·
