2250 3772
305 244 358 310 De
381 244 523 311 oratione
548 245 580 309 in
602 268 729 331 genere.
908 249 974 316 429

75 429 123 467 om
137 414 286 478 exaudire,
312 415 456 483 eidemque
474 432 553 484 opem
569 416 649 480 ferre
672 424 730 469 tum
744 416 838 485 poacit
855 424 911 469 tum
929 434 973 471 ee·

74 486 121 552 it,-
144 482 265 554 alioquin
283 483 360 537 irrita
377 483 461 537 fuerit
478 484 623 537 invocatio.
664 484 726 539 vid.
745 486 824 538 Psoi.
845 488 904 548 145,
923 491 974 541 18.-

74 554 155 621 ?rope
174 557 217 607 est
235 550 371 605 Dominus
398 552 525 606 omnibus
548 553 740 606 invocantibus
765 560 818 607 etc.
859 552 973 608 Dicitur

74 619 152 675 etiam
178 620 317 675 invocatio
340 621 463 690 precatio
504 627 533 676 et
552 621 588 675 ab
612 623 744 692 adjuncto
765 628 847 693 gestu
866 640 899 675 su
919 624 971 692 pli·

74 689 147 744 catio.
180 688 371 759 Metaphorice
381 689 426 770 ‘ab
440 662 572 770 adjuncto
590 690 764 745 sacrificandi
780 692 837 745 ritu
848 692 882 746 V.
894 642 972 748 dest.

74 757 169 813 'r'uctus
187 763 216 813 et
232 759 313 812 vituli
332 757 467 812 labrorum
494 758 660 813 sacrificium
679 759 769 813 laudis
781 760 923 814 incensum
944 767 973 816 et

74 825 249 905 suffimentum
268 827 433 949 appellatur.
469 799 611 899 Religiosa
638 828 739 882 dicitur
757 829 792 882 ob
810 829 972 900 adjunctam

74 892 246 952 ufferentiam
265 914 282 950 a
302 896 432 950 orationis
451 895 548 963 civilis,
569 896 635 967 quia
646 913 702 950 non
713 897 842 951 exteriori
861 903 971 953 tantum

74 968 152 1032 gestu,
169 966 217 1020 sed
234 964 359 1019 interiori
382 964 475 1035 potius
499 965 601 1020 affectu
622 966 721 1019 mentis
743 970 771 1020 et
794 967 885 1021 cordis
909 968 973 1022 reli·

74 1029 142 1097 gioso
158 1033 254 1105 perfici
273 1033 363 1088 debet.
399 1032 576 1088 Definitionis
594 1051 681 1104 genus
701 1041 743 1089 est
762 1035 866 1099 cultus,
888 1053 906 1089 a
924 1053 970 1090 co·

74 1100 145 1155 endo
161 1103 200 1156 sic
218 1102 318 1156 dictus.
349 1102 451 1156 Forma
468 1103 525 1157 sive
537 1102 694 1158 differentia
712 1102 841 1173 specifica
851 1105 969 1160 sumitur

74 1166 140 1222 tab
159 1173 277 1241 objecto,
315 1172 378 1226 uale
396 1176 438 1225 est
455 1170 542 1240 Deus,
567 1179 595 1226 ct
614 1173 724 1252 quidem
743 1190 825 1227 verus
844 1180 873 1227 et
889 1174 969 1228 vivus

74 1229 151 1307 Deus,
174 1240 221 1311 qui
243 1248 285 1294 est
327 1246 399 1308 ater,
423 1239 511 1294 Filius
534 1246 563 1295 et
587 1238 705 1310 spuitus
729 1248 849 1296 sanctus.
885 1240 969 1299 Unde

74 1308 273 1377 pascuarium:
298 1308 331 1363 Ε.
357 1310 401 1362 dii
420 1309 519 1376 fictitii
542 1318 568 1362 ct
592 1310 675 1363 idola
698 1310 812 1378 quaevis
831 1329 887 1365 moa
905 1321 971 1366 crint

74 1379 230 1434 avocanda,
270 1377 334 1433 Non
357 1377 430 1432 enim
450 1384 515 1432 sunt
534 1379 614 1431 vivus
640 1385 667 1432 et
685 1395 767 1433 verus
784 1377 869 1433 Deus.
905 1380 971 1439 Vid.

74 1434 137 1496 ”tad
160 1450 220 1514 115,
238 1450 262 1500 t.
282 1450 308 1503 5.
329 1450 364 1511 6,·
391 1447 523 1514 Septi,
543 1451 586 1502 15.
624 1453 647 1501 2.
666 1449 693 1501 Α
710 1448 799 1515 modo,
819 1466 874 1519 quo
892 1449 980 1519 invos

74 1510 183 1583 tndus3
201 1515 249 1586 qui
261 1533 293 1570 ex
314 1515 422 1569 rimitur
433 1532 518 1570 causa
528 1515 739 1584 instrumentali,
756 1533 828 1588 quae
840 1523 882 1571 cst
893 1518 971 1588 fides,

74 1572 136 1634 ivm.
161 1589 203 1649 10,
224 1588 257 1648 1,·
302 1602 343 1637 ec.
369 1590 393 1651 1,
413 1588 438 1650 6,
462 1585 642 1655 ejusdemque
664 1585 764 1652 relato,
790 1586 848 1640 sive
871 1588 970 1641 funda-

74 1654 161 1721 fflto,
180 1651 290 1708 Christo
308 1652 467 1721 mediatore,
485 1653 515 1706 in
533 1656 613 1724 cujus
631 1655 742 1708 nominc
761 1671 861 1734 preces
880 1655 969 1709 effun-

74 1716 175 1792 udae,
193 1722 260 1777 Jok.
281 1725 382 1787 14,13.
426 1727 449 1775 3.
468 1722 495 1774 Α
520 1722 647 1791 subjecta
671 1727 787 1776 matema
805 1741 856 1793 per
880 1724 970 1779 distri-

74 1785 201 1846 donem
219 1791 421 1860 subjectorum,
447 1807 519 1860 quae
538 1791 670 1860 duplicia3
694 1792 738 1846 vel
756 1791 829 1845 enim
846 1794 968 1860 petenda
1043 1814 1049 1829 ·

74 1860 218 1914 cessaria
237 1866 305 1923 (tam
325 1859 482 1929 spiritualia
500 1877 583 1931 quam
595 1860 772 1929 corporalia),
791 1861 835 1913 vel
851 1878 901 1929 pro
920 1862 970 1914 im·

74 1922 175 1999 tratis
203 1928 309 1999 gratiae
334 1929 467 1999 agendae.
508 1928 568 1993 Quo
592 1928 734 1997 pertinent
755 1933 873 1998 quatuor
898 1929 969 1985 istae

74 1993 189 2051 taonis
208 1997 264 2051 sive
282 2002 375 2067 partes
394 1998 451 2051 sive
471 1997 585 2065 specics,
607 2014 622 2050 e
640 2002 662 2051 1.
687 1997 802 2050 Timoth.
818 2000 882 2066 2,1‚
902 2015 968 2068 qua·

74 2071 94 2133 ,¹¹
152 2074 172 2121 1.
192 2067 367 2135 deprecatio,
408 2083 460 2120 uae
477 2072 520 2121 est
537 2065 717 2135 supplicatio,
743 2082 815 2135 quae
832 2084 883 2136 pro
900 2067 968 2121 libe·

74 2139 167 2189 ¹One
185 2153 203 2189 a
218 2133 344 2188 tristibus
360 2152 377 2188 o
400 2141 483 2191 ertur.
521 2136 665 2188 Oeccmea.
684 2151 757 2202 supr.
774 2152 796 2188 c.
812 2140 834 2189 1.
860 2139 882 2189 1.
896 2137 966 2192 Tim.

74 2188 89 2270 ‚f-
131 2208 198 2260 loo.
215 2203 242 2257 b.
279 2210 302 2259 2.
321 2204 463 2272 Precatio,
482 2220 554 2275 quae
574 2209 616 2257 est
633 2202 768 2258 bonorum
786 2204 854 2270 (tam
871 2220 968 2275 corpo·

74 2276 159 2327 [¹111]
177 2289 260 2343 quam
279 2272 473 2341 spiritualium)
491 2273 597 2341 petitio.
634 2272 716 2324 Idem
733 2272 800 2326 ibid.
831 2278 854 2329 3.
874 2275 969 2327 Inter-

122 2343 175 2396 tic
194 2341 238 2396 vel
255 2341 425 2408 intercessio,
445 2358 539 2395 eorum
559 2349 601 2394 est
619 2341 759 2395 accusatio
785 2342 833 2422 qui
852 2342 967 2413 injurias

74 2411 189 2463 ³¹'unt
217 2411 299 2464 Idem
313 2410 350 2464 ib,
362 2410 435 2463 Item
447 2427 498 2479 pro
510 2409 571 2463 aliis
586 2408 662 2463 facta
673 2382 830 2479 postuiatro.
854 2417 877 2465 4.
894 2412 968 2465 Gra·

74 2482 163 2532 'um
182 2479 266 2546 actio,
285 2495 348 2532 cum
365 2479 410 2533 vel
427 2495 477 2549 pro
498 2478 577 2532 bonis
596 2479 711 2544 collatis,
730 2480 774 2533 vel
793 2479 872 2533 malis
890 2480 967 2535 abla-

97 2548 169 2603 vel
187 2548 270 2601 etiam
288 2547 383 2616 poenis
403 2552 518 2618 paterne
538 2547 675 2618 irrogatis,
695 2547 756 2601 Deo
772 2548 845 2618 grati
862 2565 965 2606 sumus.

93 2602 165 2670 his
184 2616 239 2670 vu,
256 2616 405 2685 Aequius.
425 2616 504 2686 epist.
526 2623 566 2671 59.
589 2616 751 2670 arcasin.
779 2624 843 2671 tom.
870 2622 894 2670 2.
915 2618 966 2671 σοι.

74 2675 87 2723 ¹·
134 2693 171 2740 et
195 2701 270 2756 seqq.
314 2685 410 2738 Hilcr.
435 2702 509 2754 supr.
536 2685 611 2738 Psal.
638 2691 693 2739 110,
719 2703 745 2754 p.
768 2691 825 2738 617.
869 2686 969 2739 Humi·

74 2745 162 2827 ¹25⁸,
173 2762 286 2808 nostrae
311 2762 351 2807 eat
377 2754 541 2822 deprecari,
567 2755 774 2821 munificentiae
793 2754 854 2806 Dei
876 2771 969 2823 orare,

74 2821 103 2859 Β*
153 2831 194 2876 est
242 2824 383 2893 ostelcre,
411 2822 508 2876 laedio
535 2830 562 2875 et
586 2824 772 2890 conscaaionia
795 2830 835 2874 eat
858 2824 968 2891 pratici

74 2888 151 2946 We.
222 2909 287 2945 num
313 2891 357 2945 hic
383 2899 463 2945 nota:
497 2891 668 2959 scripturam
694 2890 798 2960 priores
823 2897 879 2945 tres
906 2909 968 2961 spe·

74 2958 83 3020 ⁵,
130 2960 294 3031 promiscue
320 2976 462 3029 usurpare.
508 2960 630 3030 Ideoque
657 2960 692 3012 ad
720 2960 790 3012 duas
815 2975 865 3012 nos
890 2977 967 3015 revo-

74 3025 192 3098 '1111us,
210 3030 413 3083 invocationem
428 3028 533 3083 scilicet
549 3033 578 3082 et
596 3028 746 3098 gratiarum
766 3027 910 3096 actionem,
932 3045 966 3083 ex

74 3084 142 3217 {ll-1
159 3102 203 3235 5)(1,
222 3102 275 3151 15.·
312 3098 417 3152 Irivoca
441 3115 499 3164 me,
527 3096 643 3166 eripiam
661 3102 703 3160 te,
730 3102 758 3150 et
775 3102 807 3149 tu
825 3097 968 3165 piorifice-

143 3183 169 3221 e.
