2250 3772
318 246 371 311 De
393 245 548 330 decalogo
569 244 635 308 sive
657 244 738 329 lege.
942 243 984 307 57

114 410 223 465 txttrnnn
242 410 425 482 disciplinam.
467 418 491 467 3.
513 411 638 492 Exigunt
659 411 814 492 aliqualem·
836 409 987 492 affectuum

113 480 250 533 etnomum
266 480 430 535 interiorum
443 481 481 534 nd
493 480 632 551 judicium
649 485 742 535 rectae
761 486 877 534 rationis
895 478 987 533 mode·

110 543 220 602 rationem.
259 548 367 612 Quibus
394 548 479 631 adjici
505 554 598 619 potest
619 548 784 603 differentia.
821 555 846 602 4.
865 548 913 602 Ab
938 547 986 602 ob·

107 617 252 762 ffibmd
271 617 316 673 lex
333 618 446 672 mornlrs
464 618 502 673 ad
518 634 614 674 omnes
631 618 660 671 in
670 634 774 689 genere
808 616 909 671 ertinet
926 634 986 671 eos·

208 694 270 758 get,
289 686 344 741 hae
357 703 423 741 vero
438 687 474 740 ed
494 686 610 757 nliqnos.
647 694 670 741 5.
688 686 771 740 Aba
788 692 888 756 Jnneta
905 685 986 739 dura·

106 752 165 817 tone,
177 756 250 825 qnod
266 754 317 809 ille
354 759 470 824 erpetno
484 756 578 824 durat,
596 755 649 809 hae
666 772 732 809 vero
748 759 814 809 sunt
830 753 987 809 mutabiles.

107 820 173 875 aab
187 823 293 879 effectis
346 822 434 879 versis
452 824 489 878 im
511 823 614 905 eribus,
633 824 707 894 qnod
718 823 768 877 illa
779 829 839 876 tum
850 828 987 893 tempore·

106 884 204 956 betam
221 898 351 947 aeternae
368 908 474 963 poenes
490 842 657 961 denunciat,
674 892 726 946 hae
745 909 810 946 vero
821 891 987 960 temporales

105 961 187 1013 tntum
202 960 356 1017 decernunt
374 968 403 1016 et
419 961 550 1016 inferunt.
562 963 711 1015 Error-m
727 960 815 1031 igitur
825 961 986 1028 pharisaei,

105 1024 237 1147 ffilegem
254 1030 387 1084 moralem
408 1035 550 1084 externam
567 1034 677 1085 tantum
692 1028 866 1099 disciplinam
884 1036 912 1083 et
922 1028 987 1083 obe·

150 1095 209 1151 tiam
223 1097 334 1169 exigere
353 1098 537 1156 somniabant.
569 1098 641 1155 Vide
660 1099 763 1152 Mami.
781 1101 824 1165 19,
845 1101 899 1165 2o,·
918 1100 986 1152 Lac.

102 1164 134 1231 n,
148 1166 202 1236 aa)

166 1288 211 1352 14
246 1287 304 1351 [ibi
324 1310 443 1351 summa
465 1287 538 1370 lepis
559 1286 686 1349 moralia
710 1284 901 1350 continetur?

148 1394 181 1459 ln
200 1397 312 1460 decem
333 1394 512 1481 praeceptis
526 1394 683 1479 decalogi,
706 1394 817 1479 Moysi
831 1395 864 1459 in
879 1406 988 1459 monte

105 1471 171 1543 Sinai
190 1505 210 1545 a
230 1480 305 1545 Deo
326 1479 460 1548 traditis.

105 1599 139 1664 15.
167 1605 321 1683 Quomodo
344 1606 593 1753 (1119ιιῆιςχᾶιὲιηιῖἴ*ι
599 1606 705 1733 {licem
720 1618 893 1689 praecepta
915 1608 988 1671 liaeo

492 1709 530 1751 oa
558 1710 606 1771 ῳ.

165 1798 337 1884 Bipartito:
362 1797 397 1860 in
416 1797 542 1860 tabulas
563 1796 652 1864 duas.

155 1914 268 1981 (Divisio
297 1916 367 1970 haec
384 1914 503 1969 habetur
521 1916 751 1982 Eeod.31,18;
777 1916 987 1983 Deut.4‚13,·

104 1976 184 2040 lsattt.
200 1988 247 2054 22,
267 1989 312 2038 40.
343 1984 462 2038 Prodest
479 1988 572 2038 antem
588 1983 612 2063 1,
629 1990 662 2036 ut
682 2000 729 2037 seo
749 2000 797 2036 um
816 1983 902 2037 totius
916 1983 988 2054 legis

104 2051 323 2128 annectionem
345 2052 520 2107 obedientiae
546 2051 644 2105 melius
671 2000 875 2123 intelligamus,
902 2058 932 2116 2,
955 2058 988 2105 ut

104 2128 197 2176 manns
213 2126 364 2193 praecepta
381 2120 519 2175 secundae
530 2119 644 2174 tabulae
653 2120 751 2175 cedere
764 2120 920 2190 praeceptis
932 2120 988 2190 pri-

103 2196 149 2242 me
162 2191 272 2246 tabulae
289 2191 319 2244 in
337 2190 434 2244 eodem
453 2189 545 2243 cultus
583 2205 679 2257 onere,
699 2189 795 2258 idest,
811 2188 987 2245 dilectionem

105 2255 240 2325 tlgloriam
252 2259 306 2314 Dei
319 2258 541 2329 anteponendam
595 2257 696 2312 ectioni
707 2263 736 2312 et
746 2258 852 2331 gloriae
864 2258 987 2313 omnium

104 2333 274 2382 tresmrarum.
307 2327 360 2381 Est
370 2327 443 2382 enim
454 2342 558 2398 magna
574 2327 650 2379 inter
663 2336 821 2395 praccepta
833 2329 948 2395 primae
962 2335 989 2380 et

104 2399 216 2450 'modae
233 2398 348 2450 madae
365 2395 579 2449 dissimilitudo.
612 2401 634 2450 1.
647 2393 682 2448 In
700 2395 834 2465 adjuncta
851 2396 990 2467 dignitate

104 2454 191 2527 th'eeti.
220 2465 333 2519 Primae
350 2464 424 2519 enim
442 2463 555 2518 tabulae
573 2462 714 2533 objectum
729 2464 873 2534 estDeus,
890 2482 988 2519 secun·

105 2521 143 2580 ‘1²0
157 2534 299 2601 proximus.
330 2533 442 2598 Quanto
461 2533 548 2602 igitur
564 2535 653 2602 major
664 2533 741 2586 Deus
759 2533 892 2602 proximo,
909 2539 988 2587 tanto

105 2596 225 2723 mest
244 2601 527 2725 olzedientrssflpritrinae
544 2600 657 2722 tabblae
672 2601 988 2723 ‘'hedifilliflffeetlndoe'

177 2688 218 2726 me
231 2688 270 2725 na
284 2687 358 2727 urae.
425 2686 457 2723 ee
481 2686 584 2723 oemm
622 2687 647 2724 er
678 2686 758 2724 raece
780 2688 788 2723 ι
853 2687 884 2724 ec
909 2687 989 2725 onem

104 2736 195 2793 enimi
211 2745 261 2793 tan
282 2756 347 2793 uam
365 2737 503 2793 effectum.
530 2738 609 2793 Haec
627 2687 701 2792 enlm
717 2755 751 2792 ex
768 2740 822 2792 ista
832 2743 988 2808 promanat.

105 2800 257 2876 &inuncta
263 2757 442 2862 (difficultate.
469 2807 543 2870 Quia
554 2806 694 2861 difficilius
706 2813 749 2861 est
759 2807 875 2878 diligere
887 2807 989 2876 Deum,

101 2878 166 2931 luem
182 2894 235 2931 non
252 2876 339 2940 vides,
356 2892 439 2947 quarn
458 2877 620 2944 proximum,
639 2891 721 2947 quem
738 2877 830 2943 vides,
849 2881 872 2929 1.
884 2877 950 2929 Joh.
964 2880 990 2944 4,

104 2936 139 2988 ²⁰·
169 2945 288 3014 Oijieia:
318 2944 478 3001 Secundum
505 2951 685 3014 praeceptum
712 2952 755 2999 est
781 2945 870 2998 simile
895 2944 988 3013 priori,

106 2999 186 3064 nini,
203 3018 255 3081 22,
274 3017 320 3068 39.
357 3012 486 3069 Secunda
503 3030 571 3084 ergo
588 3013 686 3067 tabula
707 3031 763 3067 non
782 3014 858 3067 cedit
873 3014 988 3083 primae.

166 3081 285 3145 ,ὅμοιον
303 3083 392 3137 simile
412 3087 462 3148 est,
481 3097 537 3136 non
555 3087 619 3136 ἴσον
637 3099 725 3162 aeque
743 3099 875 3153 magnum
886 3099 920 3136 ae
932 3083 988 3151 pri-

105 3149 250 3228 mu111,enm
263 3151 342 3206 Deus
358 3151 395 3205 sit
412 3165 479 3219 prae
497 3151 624 3205 omnibus
643 3149 811 3221 diligendus.
835 3151 886 3204 Est
903 3151 991 3221 igitur

104 3201 193 3286 anal,
209 3237 226 3275 a
244 3220 319 3275 dicto
335 3237 390 3274 sec.
408 3218 485 3290 qnid,
503 3219 540 3273 ad
559 3220 665 3273 dictum
685 3218 853 3288 simpliciter.
890 3220 987 3276 Simile

105 3284 162 3334 ‘mm
184 3295 234 3358 est,
261 3288 311 3344 sed
335 3305 391 3342 non
413 3287 587 3357 simpliciter,
613 3304 709 3342 verum
731 3288 883 3342 secundum
910 3288 987 3359 qnid.
