2250 3772
117 240 162 307 98
365 237 472 325 Caput
492 239 518 306 Ι.
570 240 624 306 De
646 240 810 328 decalogo.

118 406 340 463 beneficientiam
356 425 403 463 ora
424 414 453 463 et
471 408 556 464 corde
574 408 712 465 exhibere.
747 414 772 465 6.
792 408 896 463 Errat·
912 406 955 465 der

119 476 242 547 ipsorum
263 477 415 546 prudenter
433 476 620 559 dissimulare,
647 484 676 533 et
694 476 886 558 mfirmiatss
942 476 955 559 ἰ

116 545 370 697 ἱξέοᾞὲζιωῗῗςῗ.
386 551 955 697 ὂῗὲεέΐῖσῗξῶἑῗίῗῗιῗοέῗῳ.

117 700 168 806 ”s
184 682 620 807 luibuidfflsd'dlti‘*
639 682 955 806 diadematus-²45

117 768 184 874 dulc
222 768 376 901 tidgnimira’
408 770 433 875 d.
454 770 649 901 Οοιιιέιιιρῐιζξ
666 821 829 891 despectus,
847 788 954 875 conari

118 896 145 971 5ἶ
163 837 346 970 degarense,
366 889 526 970 ejusdemve
541 889 609 944 ficta
625 888 772 971 simulatio.
793 894 817 945 t.
829 888 954 971 Nrmrat:

116 976 170 1027 nra,
187 962 322 1028 aspsntas
339 974 372 1011 ac
383 962 524 1029 mrqurtas.
549 965 573 1013 7.
587 958 710 1026 Lautus,
729 958 907 1013 rmmcdestra
919 972 954 1028 Ja

115 1027 165 1093 tia,
185 1026 344 1098 arrogantia
360 1030 425 1093 stc.)

240 1129 306 1194 DE
327 1127 640 1195 MAGISTRATU
660 1127 896 1196 POLITICO.

116 1231 168 1298 15.
204 1230 283 1294 Cum
304 1233 384 1295 iuter
406 1232 483 1295 ulios
506 1243 534 1294 et
553 1234 770 1317 mcyutrctum
788 1232 950 1319 politicam

113 1329 235 1381 rectum
256 1317 378 1381 nomiae
398 1315 612 1399 comprehendi
631 1318 756 1399 diceris,
778 1338 925 1401 ccccm
947 1318 954 1381 l

296 1401 373 1486 quid
392 1403 432 1463 ait
451 1403 656 1484 mcqistratcs
674 1400 844 1487 politicus?

198 1500 409 1587 Magistratus
431 1497 580 1582 politicus
603 1510 651 1563 est
671 1521 809 1584 persona
836 1523 857 1565 a
876 1500 952 1566 Deo

112 1586 232 1664 dinata,
252 1597 288 1649 ut
309 1596 473 1649 externam
493 1582 659 1648 hominum
679 1585 863 1649 societatem
883 1585 953 1651 hon«

112 1670 254 1757 legibus,
276 1668 423 1753 decalogi
443 1668 560 1732 tabulis
582 1668 817 1747 conformibus,
836 1681 946 1756 regat,

112 1779 172 1822 nos
193 1755 353 1832 defendat,
376 1753 478 1817 malos
500 1775 575 1817 vero
597 1754 706 1839 gladio
728 1756 848 1840 puniat.

181 1854 302 1923 (Dicitur
329 1852 507 1933 magistratus
537 1851 574 1908 ab
601 1853 715 1924 antiquo
741 1853 953 1936 rethomagiat

112 1925 188 1997 quod
201 1929 250 1993 est,
270 1924 294 1977 si
302 1924 386 1978 Festo
397 1921 541 1986 credimus,
556 1938 652 1993 regere
665 1928 693 1977 et
704 1923 849 1979 moderari.
868 1924 953 1980 Vrdr

112 1994 160 2050 lat.
178 1994 245 2066 ling.
262 2010 290 2063 p.
310 1998 368 2049 308.
406 1990 555 2060 Accipitur
572 1998 664 2045 autem
681 1996 741 2045 tum
758 1998 885 2047 concrete
933 2010 953 2047 n

110 2080 159 2184 gur
177 2062 344 2143 dignitatem
370 2060 456 2140 gerit,
480 2067 540 2112 tum
560 2059 699 2114 abstracte
720 2078 773 2141 pro
795 2061 857 2131 ipsa
875 2010 953 2142 digni

139 2130 243 2185 etinitro
261 2146 327 2184 vero
345 2134 462 2183 sumitur
480 2135 504 2184 1.
517 2145 535 2181 a
552 2144 636 2183 causa
655 2127 801 2197 efficiente,
819 2128 893 2184 Deo:
912 2148 953 2184 rs·

110 2205 192 2253 autor
209 2203 253 2253 est
268 2198 462 2279 magistratus,
481 2212 537 2267 quo
553 2195 609 2251 fine
626 2214 653 2249 m
694 2197 805 2251 'stratm
824 2198 953 2253 dicuntur

110 2273 139 2322 et
157 2266 207 2320 filii
224 2266 327 2321 excelsi
346 2272 414 2327 (non
432 2269 546 2330 natura,
564 2265 623 2331 sed)
644 2282 660 2319 o
692 2265 735 2320 cic
753 2271 781 2320 et
800 2266 951 2347 dignitate,

109 2338 157 2399 22,
175 2337 218 2389 28.
251 2337 299 2390 Pa.
308 2337 352 2397 82,
371 2337 395 2388 5.
410 2335 437 2400 6,
455 2336 611 2454 λειτουὲγοὶ
629 2335 706 2401 θεοῦ,
724 2334 843 2389 ministri
856 2335 919 2399 Dei,
938 2338 952 2391 1

108 2406 153 2465 13,
174 2408 201 2461 6.
237 2409 261 2460 2.
279 2403 306 2457 A
328 2418 415 2456 causa
438 2400 515 2455 finali
559 2403 681 2456 eclarcta
707 2409 729 2458 1.
754 2403 877 2472 obJecto,
905 2410 952 2459 ext

107 2471 249 2527 hominum
265 2472 404 2525 socictate.
441 2475 464 2526 2.
482 2470 584 2524 Forma
607 2470 666 2524 sive
686 2470 768 2525 modo
789 2471 947 2542 regiminis,

108 2542 193 2607 neatis
211 2538 320 2612 legibus
341 2544 393 2593 etc.
430 2544 453 2593 3.
474 2537 638 2607 Contrariis,
657 2539 743 2593 bonos
762 2539 945 2609 defendendo,

106 2610 148 2664 los
163 2610 310 2681 puniendo.
339 2609 401 2674 Quo
418 2607 474 2661 fine
490 2614 624 2678 pastores,
644 2608 823 2674 ordinatores,
839 2608 952 2691 inspect

106 2678 243 2742 custodes,
262 2678 428 2741 salvatores,
453 2677 644 2732 benefactores
661 2692 679 2729 a
697 2676 821 2745 profanis
838 2684 952 2748 scriptor

105 2748 303 2819 appellantur.)

106 2833 157 2901 16.
201 2836 380 2899 Possumne
408 2832 571 2896 classiani
598 2834 631 2893 ic
653 2831 698 2895 N.
723 2831 801 2894 Test·
833 2832 920 2895 solra
945 2862 952 2895 r

103 2921 231 2984 scientia
252 2920 470 3001 nsayistratnrn
490 2915 536 2978 vel
554 2937 674 2998 uetere,
702 2916 749 2978 vet
768 2915 902 2998 casdem
924 2926 952 2979 et

354 3002 497 3085 usqimiui
516 3021 547 3062 se
568 2998 766 3063 submittere?

191 3099 309 3177 Quidni
323 3099 476 3184 possent?
507 3099 569 3163 Est
590 3099 675 3163 enim
703 3099 907 3185 magistratus
930 3122 951 3165 0⁴

101 3182 191 3248 natio
213 3206 251 3248 ac
271 3183 439 3270 dispositio
460 3183 525 3247 Dei
547 3184 651 3270 bona,
678 3184 770 3250 Rern.
795 3186 844 3261 13,
868 3188 895 3269 1,
918 3206 951 3271 qr

103 3269 307 3354 evangelium
327 3292 392 3333 non
414 3267 532 3345 abolet,
555 3268 611 3333 sed
631 3278 725 3354 potus
748 3270 923 3334 confirmat.
