2250 3772
107 223 171 289 496
311 219 418 307 Caput
438 222 498 288 IV.
535 182 589 286 De
610 220 785 308 baptismo.
827 278 830 283 .

398 390 463 455 nn
484 366 738 457 enrrrsuo.

355 510 382 573 1.
419 508 502 588 Qoio
523 523 567 575 est
589 508 787 595 baptismus?

190 609 375 695 Baptismus
397 632 462 673 non
483 620 531 674 est
548 610 736 697 simpliciter
750 633 846 695 equa,
866 609 990 693 sedqus

106 698 149 762 sit
175 695 283 760 divino
311 695 460 759 mandato
497 695 621 760 inclusa
652 709 685 760 et
712 696 814 762 verbo
847 694 908 760 Dei
929 714 991 759 oon·

105 780 271 871 prehensa.

530 863 608 928 Sea:

192 947 376 1033 Baptismus
398 957 447 1011 est
466 947 549 1014 actio
564 949 715 1014 divinitus
730 949 888 1028 instituta,
906 948 993 1032 inqu

106 1034 198 1100 Deus
224 1055 283 1118 per
302 1032 464 1096 lavacrum
485 1056 589 1116 aquae
618 1047 650 1100 et
675 1036 811 1101 verbum
832 1034 923 1100 nobis
939 1052 993 1121 pso·

107 1130 177 1185 cata
199 1128 308 1181 nostra
329 1139 388 1202 per
410 1127 441 1181 et
460 1130 592 1267 propter
616 1118 782 1186 Christum
800 1118 935 1197 remittit,
951 1136 992 1181 ros

104 1205 140 1270 in
166 1202 250 1267 filios
280 1200 429 1286 adoptat,
458 1214 490 1267 et
540 1204 671 1270 aeredes
693 1206 838 1272 omnium
864 1206 993 1271 bonnm

106 1287 294 1354 coelestium
316 1286 487 1352 constituit.

240 1399 270 1465 2.
309 1396 471 1478 Quodnam
494 1410 537 1463 est
558 1399 636 1463 iilud
655 1401 781 1463 verbum
802 1398 893 1466 Deir

189 1500 249 1563 Est
274 1500 301 1562 1.
324 1501 446 1564 verbum
467 1500 684 1563 institutionis:
706 1498 765 1564 ubi
781 1500 937 1565 Dominus
952 1518 994 1563 uo·

106 1595 170 1650 ster
190 1585 289 1651 Jesus
311 1581 457 1647 Christus
480 1584 583 1668 inquit
605 1584 716 1649 Metti.
738 1584 792 1671 28,
818 1586 877 1651 19:
897 1586 993 1651 nunes

105 1670 217 1734 docete
240 1690 348 1734 omnes
370 1679 499 1753 gentes,
528 1667 727 1755 baptizantes
758 1691 814 1735 eos
837 1669 873 1735 in
892 1668 993 1737 nonin

105 1753 222 1838 Patris,
245 1765 277 1818 et
299 1752 386 1831 Filii,
410 1766 441 1818 et
463 1751 603 1841 Spiritus
625 1752 736 1820 sancti

192 1841 222 1904 2.
249 1840 383 1902 Verbum
394 1842 627 1923 promissionis:
645 1837 830 1922 quicunque
853 1834 994 1905 crediderit

105 1937 137 1990 et
159 1923 337 2024 baptisatus
358 1922 455 1987 fuerit
477 1924 582 1988 salvus
605 1922 681 2001 erit,
704 1922 759 2006 qui
777 1946 855 1990 vero
870 1947 931 1990 non
946 1942 993 1988 cre

106 2010 231 2094 diderrt,
255 2008 534 2094 condemnabitur,
556 2009 658 2073 Maro.
683 2008 734 2086 16,
758 2008 809 2075 16.

176 2109 328 2174 (Posterior
346 2106 467 2162 definitio
479 2109 627 2176 desumpta
640 2113 683 2162 est
704 2125 738 2164 ex
755 2110 890 2179 Apendis
899 2104 993 2163 Hassis

105 2178 155 2242 eis,
174 2178 194 2233 f.
208 2185 264 2232 157.
292 2177 351 2232 Alii
363 2176 511 2231 definiunt:
536 2177 689 2245 baptismus
698 2185 740 2231 est
747 2180 836 2246 prius
848 2180 886 2236 N.
899 2180 993 2233 unna

103 2254 323 2306 sacramentam,
348 2263 402 2315 qno
422 2245 599 2299 immersione
621 2245 678 2299 sive
695 2247 863 2315 aspersione
881 2243 993 2317 aquosis

106 2316 217 2369 nomine
238 2316 346 2383 Putris,
373 2314 448 2367 Filii
464 2322 491 2367 et
511 2314 636 2383 Spiritus
654 2316 748 2368 sancti
758 2317 850 2383 foeta
870 2317 943 2370 bomo
953 2326 993 2383 μ’

105 2384 246 2453 Spiritum
271 2402 292 2437 s.
319 2393 504 2452 reponeretur
529 2391 556 2436 et
583 2390 743 2436 renovatur.
793 2382 943 2439 Definitum
963 2382 993 2436 esi

104 2453 267 2521 baptismos,
286 2469 359 2523 quae
377 2469 431 2506 vox
449 2451 597 2506 deducitur
618 2468 636 2505 a
654 2468 756 2522 graeco
773 2458 921 2521 βαπτίζειν,
938 2445 992 2523 quod

105 2520 246 2593 significat
273 2527 295 2578 1.
321 2522 350 2574 in
374 2537 474 2589 periere
501 2518 627 2591 quamvis
651 2520 798 2591 lotionem,
824 2520 884 2577 sive
900 2522 944 2577 fist
956 2531 993 2589 pfl

104 2590 307 2647 immersionem
324 2589 353 2642 in
372 2606 491 2669 aquam2
513 2589 571 2643 sive
588 2589 775 2658 aspersionem
793 2591 839 2645 vel
857 2589 992 2664 effrenum

104 2677 281 2784 {iiiiii
299 2659 539 2782 mindaii&
557 2658 744 2781 {itari
764 2664 794 2782 ἓῒ
811 2652 992 2783 iiiiii

104 2748 261 2868 babtismns
289 2745 391 2849 dicirir
415 2744 573 2863 lavacrump,
649 2796 705 2848 ires.
729 2800 757 2865 5,
782 2746 840 2866 iii,-
873 2765 928 2851 ros
938 2794 990 2857 «ii

104 2867 262 2922 Lavacrum
285 2870 378 2919 autem
400 2881 456 2918 uon
478 2869 590 2917 ¹tanturn
638 2864 732 2934 citur,
758 2864 782 2917 si
808 2865 871 2936 quis
895 2870 990 2920 totusu

104 2935 321 3057 bibims?
343 2933 698 3056 *tristitae-‘wi
712 2949 787 3055 ‘ii‘
801 2934 990 3057 ‘tritt

103 3022 275 3127 nitatis.
294 3044 342 3126 n:
365 3077 387 3125 ι.
411 3043 454 3125 a·
470 3041 547 3191 ap.
570 3043 593 3125 r.
614 3076 637 3125 1.
659 3076 679 3124 r.
698 3042 724 3125 r.
739 3042 793 3124 n:
813 3077 873 3127 239.
889 3018 989 3139 ain

104 3140 272 3195 vocabulum
288 3139 421 3209 baptismi
432 3138 503 3209 simp
517 3139 595 3194 'citer
605 3139 809 3194 immersionem
822 3147 850 3195 et
863 3157 916 3194 non
927 3135 987 3193 etim

105 3209 290 3277 aspersionem
307 3208 418 3279 proprie
436 3209 567 3263 denotare
586 3207 709 3277 dictitat,
727 3210 764 3278 tet
781 3210 822 3264 sic
840 3207 937 3265 elaucb
953 3216 987 3271 or

103 3294 171 3349 pos,
190 3295 254 3331 cum
271 3281 417 3348 utramque
437 3278 548 3347 proprie
565 3274 712 3347 significet,
730 3284 838 3348 peccat.
874 3283 898 3333 2.
916 3273 987 3329 ner
