2250 3772
445 230 621 321 Scriptura.
950 236 993 301 39

113 396 216 453 tinullo
235 405 312 455 certo
333 400 397 455 loeo
423 401 471 468 alli
494 405 550 456 ata
586 407 610 457 2.
626 401 679 455 Est
696 399 841 460 incertum.
859 416 926 454 num
942 400 999 456 Ro·

112 483 155 521 mae
167 467 252 523 fuerit.
271 473 296 523 3.
305 473 368 523 Non
386 485 454 524 earn
511 470 581 525 sarie
599 468 759 524 absolvitur.
776 475 802 524 4.
811 467 914 523 Multos
932 474 998 539 post

111 551 132 590 se
144 535 217 591 falsos
237 537 364 593 dootores
382 545 521 607 reatinos,
540 539 601 608 ipse
616 537 763 608 praedixit,
782 543 807 591 2.
827 539 905 591 Patr.
922 541 949 606 2,
971 541 996 595 1.

111 607 129 657 ⁵.
158 605 251 662 sedem
274 606 433 661 Romanam
463 607 575 677 pessimi
606 606 740 662 haeretiei
765 622 849 676 saepe
880 622 998 677 oocupa-

110 678 156 727 rut
171 679 220 729 eto.
256 675 308 733 Nol
325 677 416 730 obstat
434 681 458 731 9.
476 675 554 731 loeus
572 677 638 730 Job.
658 679 702 743 21,
724 679 822 730 15.16.
858 676 998 730 Bellarm.

110 740 188 797 (llos.
212 743 264 798 eol
288 749 346 800 146.
369 744 403 800 B.
445 744 498 798 Est
524 744 597 799 enim
620 745 721 799 iterum
746 742 879 798 elenchus
903 745 997 812 phras.

109 808 202 867 Pastore
231 827 313 881 oues,
344 818 389 867 est
424 813 524 869 dooere
555 813 585 866 in
619 812 771 866 ministerio
802 812 999 868 eeclesiastico.

109 876 166 949 Papo
186 878 239 934 hoo
264 897 321 934 non
347 881 423 936 fauit.
468 887 492 936 2.
515 881 601 937 Nulla
630 897 739 961 conseq.
764 879 850 935 Petro
875 881 997 962 dietunr:

108 962 355 1098 tlllltattt·
377 950 1000 1098 ussriffeiitffiiaimifuitifl⁰illl⁰issii

108 1090 179 1139 aatm
196 1086 286 1154 diota,
309 1093 342 1141 ut
359 1087 511 1142 solenniter
529 1088 559 1141 in
582 1087 725 1168 pristmum
749 1086 915 1157 dignitatem
932 1104 998 1159 apo·

108 1152 210 1209 abluam
227 1155 428 1224 restitueretur,
446 1172 464 1209 a
482 1174 539 1227 qua
554 1162 628 1210 tuna
643 1155 832 1226 abnegatione
849 1155 998 1211 exciderat

109 1221 202 1278 aldem
213 1223 342 1280 omnibus
354 1224 511 1295 pastoribus
526 1225 639 1292 diem,
656 1225 754 1279 Actor.
769 1226 815 1291 20,
830 1227 873 1279 28.
888 1229 909 1278 1.
920 1226 1000 1278 Patr.

108 1291 162 1352 it.
193 1292 248 1347 Na
265 1294 358 1347 obstat
383 1299 423 1350 10.
446 1293 524 1348 loeus
543 1294 647 1347 Mattb.
666 1296 707 1360 18,
729 1297 771 1346 17.
810 1293 951 1349 Bellarm.
971 1293 998 1348 d.

109 1355 251 1419 leel-145.
268 1360 306 1415 D.
339 1362 404 1419 Non
427 1362 500 1416 enim
523 1361 563 1417 ibi
581 1361 704 1432 loquitur
724 1359 850 1415 Christus
874 1360 909 1416 de
927 1360 999 1417 scn-

108 1430 186 1494 pune
202 1429 438 1500 interpretatione,
455 1447 508 1485 neo
528 1430 562 1485 de
581 1429 710 1484 omnibus
729 1430 929 1500 controversiis,
948 1430 999 1485 sed

108 1495 201 1563 piratis
225 1498 344 1554 in'uriis.
384 1499 437 1554 Est
460 1499 547 1570 igitur
570 1497 676 1554 elench.
701 1514 719 1551 a
741 1498 912 1569 particulari.
947 1499 1001 1556 Na

107 1563 178 1619 eluat
195 1572 235 1622 11.
266 1583 333 1622 oeus
355 1568 453 1622 Actor.
473 1572 517 1627 15.
537 1570 579 1624 28.
605 1567 673 1622 ibid.
698 1567 750 1622 ool.
777 1574 833 1622 147.
854 1567 890 1622 A.
926 1567 998 1622 Con·

106 1629 151 1687 u'lo
180 1652 246 1689 nam
265 1653 301 1691 ue
329 1635 395 1690 huia
420 1635 544 1707 praefuit
574 1635 693 1709 Spiritus
722 1642 849 1704 sanetus,
884 1642 907 1692 2.
938 1638 1000 1707 ejus

108 1703 224 1759 uentis
286 1704 410 1775 ripturae
432 1704 591 1760 testimonio
615 1704 803 1776 comprobata.
848 1710 871 1761 3.
898 1704 1000 1759 Petrus

108 1771 204 1827 bruilio
234 1773 301 1829 huic
330 1791 387 1828 non
438 1773 553 1828 raet'uit:
583 1790 635 1829 nee
659 1779 683 1828 4.
703 1773 809 1844 primus
834 1774 1001 1828 sententiam

109 1835 168 1909 lixit,
185 1841 251 1896 vide
268 1858 339 1897 vers.
360 1849 383 1898 7.
414 1790 510 1897 Bosito
528 1849 552 1897 5.
564 1842 651 1897 fuisse
670 1842 840 1913 praesidem
861 1842 930 1912 quid
946 1842 1000 1897 hoo

105 1906 131 1960 ul
142 1925 250 1980 papam,
269 1911 318 1981 qui
334 1928 392 1965 non
410 1918 453 1965 est
472 1911 597 1965 Petrus?
612 1911 671 1968 Nee
690 1916 714 1965 6.
734 1910 866 1981 quioquid
885 1909 1001 1979 Spiritui

103 1983 179 2032 ttnoto
209 1978 329 2060 videtur²
358 1979 387 2033 id
416 1981 501 2035 etiam
529 1996 620 2051 papae
647 1977 765 2043 videtur,
806 1978 854 2050 qui
885 1978 1000 2048 Spiritui

105 2052 181 2101 arato
203 2047 234 2101 in
255 2048 381 2118 plurimis
405 2048 568 2104 contrarius.
609 2048 663 2102 Ne'l
687 2050 778 2101 ebetat
805 2049 1001 2103 lienteriae

105 2115 274 2171 tonoiliorum.
317 2117 457 2172 Bellum.
477 2117 512 2173 de
528 2117 604 2171 verb.
624 2115 686 2185 Dei,
709 2116 726 2172 l.
745 2122 768 2171 2.
788 2133 810 2170 o.
832 2121 856 2172 6.
882 2133 933 2186 per
950 2121 1001 2171 tot.

103 2185 149 2238 tl.
166 2185 220 2242 ool.
239 2190 296 2240 147.
315 2202 372 2256 seq.
409 2184 535 2240 Conoilia
551 2202 672 2256 namque
689 2190 713 2240 1.
734 2185 934 2239 controversias
953 2185 1000 2240 de-

104 2246 199 2306 trivero
224 2269 280 2308 non
307 2254 436 2308 absoluta
458 2253 608 2309 autoritate
633 2253 758 2334 propria,
781 2254 830 2308 sed
845 2254 953 2324 judicio
973 2260 1002 2309 et

104 2320 234 2377 uariata
257 2321 425 2392 Scripturas.
459 2329 482 2378 2.
507 2323 598 2377 Multa
621 2322 740 2377 eonorlia
770 2327 868 2376 ooaota
892 2322 1000 2393 absque

103 2402 221 2445 mensu
262 2407 340 2461 apae.
383 2397 406 2447 3.
424 2391 514 2446 Multa
536 2391 566 2445 in
582 2391 681 2445 iisdem
705 2389 791 2444 dubia
809 2391 1000 2461 determinata,

102 2471 221 2512 teneone
252 2465 283 2513 to
301 2476 384 2530 papa,
420 2459 495 2526 Quid
513 2476 543 2514 er
598 2459 669 2514 haee
687 2458 722 2512 ad
743 2460 864 2579 papam?
883 2459 998 2518 Elenoh.

104 2527 201 2597 exempl.
218 2545 278 2598 par.
300 2533 329 2582 at
346 2545 457 2600 conseq.
500 2530 542 2582 Ni
580 2527 645 2583 deni
664 2544 699 2582 ue
723 2536 834 2581 estant
859 2532 900 2583 13.
919 2545 1001 2600 argu·

104 2600 179 2671 bonta
195 2613 213 2650 a
229 2595 334 2650 visibili
350 2603 460 2652 terreno
474 2597 571 2668 judice
588 2545 769 2667 ejusbemque
791 2595 882 2650 officio
898 2602 926 2651 et
939 2614 1002 2667 par·

104 2660 169 2718 hbui.
202 2665 270 2720 Vid.
289 2666 430 2721 Bellum.
450 2666 477 2722 d.
495 2665 548 2720 loo.
569 2672 593 2722 9.
619 2665 671 2719 ool.
689 2671 738 2731 155
758 2682 815 2736 seq.
859 2664 1003 2719 Laborant

103 2729 161 2785 uin
177 2733 293 2789 eleuoho
315 2750 398 2789 oonse
419 2775 435 2802 .‚
455 2751 519 2789 oum
536 2734 621 2814 longe
645 2733 754 2787 sit‘alia
770 2733 840 2787 ratio
859 2750 1002 2804 rerumpu-

58 2837 62 2845 .
106 2793 154 2881 blla
171 2806 199 2856 et
219 2802 384 2856 ’udioiornm
400 2752 486 2873 bajus
504 2803 610 2870 mundi,
649 2819 713 2856 uam
729 2800 939 2873 gubernationis
959 2818 1003 2856 eo-

106 2864 194 2926 deuna
292 2888 341 2924 um
352 2871 456 2927 Christi
467 2889 523 2926 non
535 2877 578 2926 est
589 2870 624 2925 de
629 2819 689 2925 boo
701 2871 813 2934 mundo,
828 2871 894 2925 Jot.
904 2875 946 2934 18,
955 2873 1002 2924 36.

106 2931 1001 3011 Nauigiturmundanomoreconstitui,aaregidebetvelpotest.)

106 3017 146 3086 37.
182 3016 226 3088 A't
254 3025 405 3110 quomodo
435 3025 601 3109 Scriptura
639 3047 741 3088 omnes
771 3022 1002 3089 'controversias

107 3106 285 3188 albairate,
312 3133 381 3173 eum
403 3109 444 3172 sit
468 3110 659 3194 imperfecta,
682 3131 736 3172 aee
758 3111 861 3172 omnia
884 3111 928 3173 ad
949 3134 1001 3176 aa·

298 3194 389 3257 lutam
410 3195 583 3257 necessaria
606 3191 784 3257 contiueat?

175 3275 270 3340 Absit
284 3275 484 3362 Soripturam
498 3299 568 3342 esse
582 3276 811 3362 imperfeotam.
841 3277 902 3340 Est
916 3277 1003 3341 enim
