2250 3772
102 247 166 312 552
273 243 381 331 Caput
402 240 444 311 V.
488 244 540 308 De
559 264 659 307 coena
678 241 852 306 dominica.

103 415 155 481 28.
201 415 286 478 Unde
306 436 375 478 vero
395 412 471 477 unio
493 413 566 477 taes
588 411 829 476 sacramentalis
845 405 995 496 probaturi

193 532 224 596 Ε
246 531 351 594 verbis
374 529 591 607 institutionis,
610 531 667 594 ubi
681 531 847 595 Dominus
866 529 905 593 de
925 547 998 616 pane,

105 639 202 700 quem
218 616 398 692 exhibebat,
417 615 511 679 dicit:
535 619 620 692 edite,
640 617 697 679 too
715 630 760 680 est
776 639 890 703 corpas
911 636 999 687 mart

106 714 138 766 et
160 701 200 765 de
222 701 336 777 calice,
365 722 461 783 quem
482 700 683 786 porrigebat,
714 700 811 765 dicit:
847 701 951 774 bibite,
966 697 1000 759 u

108 797 153 850 eat
174 789 298 870 raspista
321 810 412 850 saeua.
459 783 586 865 Quibus
607 785 725 850 diserte
746 784 880 861 indicat,
901 806 935 848 se
952 802 1000 846 non

105 880 230 933 tantum
251 891 376 953 panem,
394 869 455 932 sed*
473 891 546 933 cum
566 891 649 954 pane
673 871 770 934 etiam
796 892 834 934 co
876 891 915 932 us
928 887 1002 932 suun

105 953 379 1038 manducandum,
408 975 468 1016 nec
494 965 617 1018 tanturn
645 954 772 1040 vinum,
808 976 843 1018 se
895 964 1001 1018 etcum

105 1038 180 1186 {ino
210 1038 398 1123 sanguinem
432 1061 524 1102 suum
550 1039 726 1104 bibendum
754 1040 884 1104 tradere
912 1048 942 1103 et
965 1058 1003 1102 or·

130 1145 227 1188 mare.

177 1239 217 1307 (Si
234 1240 307 1294 enim
336 1241 424 1295 solum
447 1257 547 1310 panem
571 1240 753 1310 exhibuisset,
781 1257 839 1293 non
866 1239 1003 1305 dicerem

107 1309 221 1363 tuisset:
238 1309 290 1362 hoc
309 1318 350 1362 eat
368 1326 400 1363 eo
437 1328 471 1362 os
489 1328 595 1373 meum
612 1310 635 1363 si
652 1308 741 1363 solum
760 1307 868 1378 vinum,
888 1325 956 1363 non:
969 1306 1003 1360 lic

108 1385 149 1431 est
165 1378 282 1444 sanquis
299 1395 384 1432 meus.
449 1378 551 1432 icissim
573 1378 596 1432 si
615 1377 670 1431 alia
687 1376 904 1432 manducatione
920 1391 1002 1447 pauet

106 1446 329 1499 manducandum
348 1446 532 1516 exhibuisset,
557 1446 613 1501 alis
630 1447 731 1501 iterum
749 1462 872 1516 corpus,
891 1463 945 1501 non
960 1458 1001 1499 uno

108 1519 137 1568 et
158 1515 257 1568 eodem
283 1515 502 1570 manducationis
527 1520 591 1569 actu
612 1521 639 1570 et
676 1531 756 1569 anem
778 1522 808 1569 et
827 1532 928 1584 corpus
943 1528 1002 1567 nan

109 1583 211 1637 ducare
226 1583 363 1653 jussisset.
398 1585 510 1637 birram
534 1584 620 1664 igitur
671 1583 827 1648 albiniani,
854 1583 904 1656 qui
920 1595 1001 1654 panem

107 1668 230 1706 seorsum
248 1652 355 1706 comedi
373 1658 402 1706 et
418 1652 513 1706 vinum
531 1652 590 1707 bibi
608 1652 787 1718 naturaliter,
807 1653 930 1723 itemque
946 1665 1001 1705 seor

108 1738 169 1773 sum
192 1737 292 1801 corpus
315 1728 343 1775 et
367 1721 530 1792 sanguinem
554 1721 656 1775 Christi
679 1721 864 1790 spiritualiter
887 1722 999 1776 assuunt

107 1792 216 1842 Bucari.
239 1788 323 1843 instit.
349 1789 432 1845 theol.
455 1790 532 1844 artic.
551 1796 592 1844 47.
615 1807 643 1859 p.
663 1795 704 1844 36.
730 1805 767 1859 pa
791 1832 798 1845 .
821 1795 882 1844 674.
917 1788 998 1843 Pola

106 1857 136 1911 in
154 1867 292 1929 syntagm.
312 1858 394 1912 theol.
413 1858 431 1913 l.
452 1865 475 1913 6.
503 1875 527 1916 c.
548 1865 588 1913 56.
615 1875 642 1927 p.
662 1864 719 1913 501.
739 1807 791 1911 coi.
814 1858 878 1914 LF.
914 1858 951 1912 At
969 1854 999 1908 sic

110 1933 131 1982 1.
157 1927 283 1980 rotundis
316 1934 344 1981 et
375 1926 457 1980 claris
486 1926 666 1981 institutionis
695 1925 788 1980 verbis
818 1926 999 1980 contradicunt

110 2002 134 2050 2.
153 1995 330 2062 Naturalem,
348 1995 519 2066 spiritualem
537 2003 565 2051 et
580 1995 809 2049 sacramentalem
830 1992 1010 2049 manducatic'

108 2081 172 2117 nem
190 2064 363 2118 confundunt
381 2070 408 2119 et
427 2064 500 2133 turpi
525 2065 642 2134 opposit.
662 2063 765 2118 elench.
786 2071 935 2133 opponunt.
967 2060 998 2114 De

108 2132 210 2212 quibus
228 2134 256 2185 in
275 2150 351 2203 seqq.
381 2132 459 2196 Quae
479 2134 512 2186 de
530 2132 783 2202 repraesentatione
803 2140 832 2186 et
849 2131 998 2203 praefigura-

107 2207 183 2255 tone
203 2201 311 2254 unionis
329 2202 580 2256 sacramentalisin
600 2201 720 2256 medium
744 2200 904 2281 proferunt,
925 2202 951 2254 in
964 2211 998 2269 gt

107 2268 195 2322 nerali
214 2275 449 2324 sacramentorum
474 2269 599 2324 doctrina
616 2287 700 2340 supra
723 2270 814 2323 diluta
833 2277 906 2323 sunt
939 2267 998 2324 sieut

108 2336 182 2390 enim
201 2345 373 2391 sacramenta
388 2339 458 2394 Nor.
477 2338 598 2393 Testam.
620 2356 676 2392 non
699 2346 764 2391 sunt
782 2338 867 2419 signa
887 2338 999 2392 durarit

106 2407 343 2474 repraesentativa
363 2415 390 2460 et
414 2406 643 2477 praefigurative,
666 2408 714 2461 sed
733 2406 887 2464 exhibrtiva
901 2413 929 2461 et
943 2419 997 2460 eom·

107 2474 292 2542 muricatim,
309 2475 351 2530 ita
369 2481 396 2529 et
413 2481 477 2529 unio
495 2476 701 2530 sacramentalis
719 2491 774 2528 non
792 2475 920 2530 consistit
934 2475 997 2537 ineo,

109 2551 141 2596 ut
157 2542 237 2613 panis
256 2560 362 2613 eorpus,
382 2549 410 2597 et
426 2544 520 2597 vinum
533 2545 695 2615 sanguinem
706 2550 905 2613 repraesentet,
922 2543 964 2598 sed
976 2542 998 2592 ut

107 2612 151 2672 his
170 2619 303 2683 tanquam
329 2611 455 2681 symbolo
483 2613 540 2667 sive
564 2614 654 2667 medio
676 2613 849 2682 passionarii
868 2608 997 2682 (apostolus

109 2687 258 2735 κοινωνίαν
285 2686 376 2742 vocat)
404 2698 503 2751 corpus
523 2688 552 2737 et
567 2681 680 2752 sanguis
700 2680 801 2734 Christi
819 2698 884 2736 vere
902 2680 997 2735 offerar·

11 2752 14 2757 '
107 2754 155 2802 tur
173 2757 201 2803 et
218 2749 418 2817 exhibeantur.)

106 2887 160 2952 29.
201 2884 336 2964 Quando
357 2909 427 2950 vero
448 2888 521 2948 unio
542 2889 603 2948 ista
625 2887 859 2949 sacramentalis
875 2887 999 2970 pannii

130 2975 269 3055 eorporis
293 2970 418 3054 (issisti,
440 2972 504 3032 vini
527 2972 631 3033 itidem
654 2981 681 3032 et
702 2972 861 3053 scripsistis
887 2968 987 3034 cirisi

328 3056 443 3138 incipit,
466 3066 494 3117 et
516 3056 663 3138 quamdiu
688 3053 799 3117 durat?

192 3170 310 3256 Incipit
347 3171 441 3254 juxta
483 3171 727 3256 promissionem
767 3182 799 3237 et
835 3173 999 3239 mandatum

53 3287 55 3291 ¹
107 3255 229 3322 Christi
251 3256 284 3318 in
304 3255 375 3340 ipsa
398 3257 618 3320 sacramentali
650 3256 775 3321 actione
798 3269 830 3321 et
850 3282 926 3336 usu,
958 3249 999 3340 qui
