2250 3772
358 212 412 277 De
433 235 571 298 persona
594 211 722 281 Christi.
930 200 997 285 279

115 379 160 431 ts.
174 377 218 433 eol
236 383 287 435 585
305 379 341 437 D.
368 386 397 438 et
413 381 465 436 eol
490 387 538 439 186
562 383 594 437 Β.
629 380 747 436 Nullius
769 383 879 453 insipat
897 384 951 437 rei
964 389 997 437 ut

115 445 184 515 Deus,
208 455 233 501 et
253 455 347 503 tamen
372 451 462 504 multa
481 452 586 521 aceepit
611 460 642 505 ut
668 454 763 534 bomo,
785 453 911 520 cyrillus
928 452 948 508 l.
969 456 994 507 8.

114 510 204 571 busur.
220 533 245 573 e.
262 524 284 574 t.
302 523 321 572 t.
336 526 359 574 2.
376 519 426 574 eol
441 526 474 575 99
489 519 524 574 Ι).
561 521 680 589 objicis:
708 522 796 581 Umta
813 527 855 576 est
873 520 946 591 λόγῳ
962 519 993 573 in

113 587 204 652 tmpore
219 584 342 641 humana
359 595 466 643 natura.
493 590 570 660 Ergo
586 596 616 645 st
635 592 787 646 secundum
804 590 927 645 divinam
944 605 993 643 na·

112 653 179 706 utam
196 654 302 726 aliquid
320 656 433 713 Christo.
448 658 582 713 additum.
620 658 837 741 Inoonsequens:
857 659 931 715 Nam
948 656 993 711 λό-

112 737 200 799 χοςροτ
215 723 288 779 hane
308 726 497 796 acceptionem
523 745 613 799 neque
635 728 788 810 perfectior
811 745 846 783 ne
866 744 903 782 ue
927 726 993 782 bea·

112 790 252 915 mmm,
262 793 394 930 thpuuana
411 802 504 852 sutem
515 803 616 851 natura
632 815 662 851 m
679 803 782 852 statum
799 816 818 868 p
862 795 993 852 sotionem

231 878 261 917 es
275 901 282 916 .

170 981 196 1047 2.
236 982 312 1068 Ipsa
327 981 493 1070 Scriptura
514 985 565 1050 hio
585 984 684 1049 utitur
703 984 867 1050 vocabulis
889 994 921 1048 et
935 983 992 1047 de·

110 1064 355 1157 tornutionibus
378 1069 483 1156 ipsam
507 1082 653 1135 naturam
681 1069 868 1147 humanam,
898 1068 991 1153 quasi

110 1146 187 1214 adice
213 1152 331 1238 digito,
366 1155 600 1223 denotantibus.
649 1154 705 1221 Sic
733 1155 867 1220 dicitur:
905 1154 990 1217 Caro

111 1225 202 1299 Christi
222 1238 356 1324 vivifica,
376 1242 451 1305 Jot.
473 1243 504 1318 6,
525 1243 576 1305 54.
610 1243 744 1325 sanquis
764 1242 847 1308 Jesu
869 1237 991 1304 Christi

110 1311 164 1381 lilii
181 1321 242 1387 Dei
269 1324 420 1389 emundat
446 1348 505 1390 nos
528 1350 547 1390 a
568 1336 717 1424 peceato,
748 1327 776 1390 1.
800 1325 875 1389 Jot.
900 1325 935 1407 l,
959 1325 988 1390 7.

110 1398 183 1468 lilius
201 1408 335 1472 bominis
356 1409 460 1474 babet
485 1423 676 1498 potestatem
699 1409 814 1492 Judioii
841 1407 990 1486 faciendi,

125 1491 180 1567 pria
202 1495 388 1576 (praetenue)
412 1497 512 1560 Filim
534 1498 667 1560 bominis
689 1509 742 1572 est,
765 1497 837 1577 ⁸Iob.
860 1496 891 1571 ὃ,
911 1494 962 1558 27.

135 1604 268 1729 ,Pansam
293 1611 399 1666 Mutet.
417 1616 442 1681 9,
462 1616 480 1667 6
483 1634 495 1683 ,·
520 1613 637 1668 Daniel.
661 1615 759 1682 7,13,·
786 1613 814 1667 A
836 1629 876 1668 oc.
896 1617 911 1665 1
918 1652 925 1681 ,
944 1614 989 1677 13,

107 1666 152 1754 lit,
177 1678 236 1732 ilius
260 1678 380 1735 hominis
403 1683 572 1764 exprimitur.
615 1682 662 1738 Sic
687 1699 787 1752 eorpus
865 1681 911 1734 'sti
936 1697 988 1751 pro

107 1736 163 1796 nobis
179 1747 322 1818 traditum,
341 1753 534 1822 sanguisejus
553 1751 583 1805 in
601 1751 789 1805 remissionem
808 1755 987 1831 peccatorum

106 1819 141 1889 Pru
152 1814 222 1870 nobis
240 1816 355 1880 effusus,
373 1820 476 1875 Mettis.
496 1824 542 1889 26,
553 1824 596 1874 28.
631 1821 709 1875 Deus
727 1836 839 1889 proprio
855 1836 906 1872 suo
924 1835 987 1871 sau-

154 1899 167 1936 e
183 1903 231 1940 nos
250 1887 376 1956 redemit,
392 1889 491 1945 Actor.
511 1893 558 1958 20,
578 1892 621 1942 28.
657 1891 717 1943 Nec
738 1890 828 1942 obstat
847 1893 870 1943 1.
890 1885 987 1941 referri

152 1957 176 2006 et
190 1954 293 2010 similes
312 1957 465 2013 locutiones
483 1959 520 2012 ad
542 1957 665 2012 officium
683 1957 796 2024 Christi,
815 1955 873 2010 sive
893 1971 986 2025 perso·

106 2023 324 2081 mtromediatoris.
362 2027 485 2083 Trelcat.
504 2027 620 2081 institut.
640 2026 659 2081 l.
680 2035 703 2081 2.
726 2044 753 2096 p.
775 2031 831 2080 109.
867 2023 938 2078 Cum
958 2027 987 2077 et

104 2075 233 2159 {teipsam
248 2093 386 2149 infinitam
405 2095 543 2160 virtutem,
560 2111 706 2167 perquam
724 2093 909 2149 administrari
922 2108 986 2163 pos-

104 2153 350 2277 {praesuppositis
378 2165 462 2219 Nilei
480 2166 572 2219 obstat
590 2171 615 2221 2.
635 2182 694 2220 esse
712 2162 903 2218 abstractivas.
933 2162 985 2216 Se

148 2229 201 2284 .ds
217 2230 330 2288 human.
348 2239 404 2288 nat.
424 2251 446 2289 o.
460 2241 484 2289 4.
503 2251 568 2315 pag.
584 2239 629 2289 181
651 2233 679 2287 b.
711 2232 782 2287 Caro
799 2231 872 2285 enim
889 2231 919 2284 in
938 2229 986 2284 ab·

103 2291 178 2374 tiratto
195 2298 307 2354 vivifiea
322 2317 379 2355 uon
398 2308 456 2371 est,
479 2303 534 2357 sed·
546 2321 576 2357 m
594 2307 734 2364 concreto,
759 2307 897 2372 quatenus
920 2316 985 2355 earo

102 2350 178 2419 (litati
199 2374 254 2438 est,
281 2386 331 2439 per
357 2376 386 2426 et
412 2378 527 2442 propter
549 2373 681 2426 unionem
704 2370 886 2441 personalem.
926 2367 985 2425 Ubi

101 2434 157 2501 itta:
179 2438 351 2492 abstractum
374 2439 427 2494 hoo
446 2440 508 2494 loco
526 2441 595 2509 diei,
612 2441 723 2512 quando
742 2447 859 2494 naturae
876 2454 927 2508 per
946 2454 984 2505 se,

100 2506 121 2546 m
132 2515 162 2571 te,
185 2521 218 2559 ex
234 2523 273 2570 se,
297 2508 354 2562 suis
374 2509 549 2563 naturalibus
575 2515 602 2564 et
621 2508 813 2564 essentialibus
830 2507 984 2578 proprieta-

100 2558 159 2636 ibus,
177 2573 246 2628 citra
263 2582 391 2631 mutuum
410 2579 583 2649 complexum
598 2578 707 2632 unionis
725 2576 877 2647 personalis
896 2574 984 2629 eonsi-

101 2626 212 2708 ,itttntua
247 2644 413 2699 Concretum
438 2663 503 2702 vero
522 2648 633 2718 quando
650 2647 696 2701 vel
712 2651 772 2701 tota
810 2661 908 2699 ersona
926 2643 985 2698 sive

100 2712 155 2767 pus
170 2710 241 2768 duae
258 2719 376 2770 naturae
393 2716 576 2787 personaliter
592 2717 695 2784 unitae,
713 2716 759 2769 vel
803 2719 864 2769 tera
874 2717 983 2780 natura,

100 2781 210 2837 tumus
230 2786 297 2840 tnon
313 2782 344 2837 in
361 2800 399 2853 se,
416 2785 565 2855 separatim
584 2790 633 2839 aut
646 2802 776 2852 seorsum,
796 2783 856 2849 sed)
874 2781 904 2836 in
921 2781 984 2850 ipsa

98 2848 191 2903 essone
208 2848 261 2905 filii
278 2851 333 2907 Dei
353 2858 382 2907 et
404 2859 534 2924 respectu
553 2853 708 2926 personalis
733 2852 842 2906 unionis
859 2849 984 2930 conside·

97 2912 160 2972 “ila
192 2918 238 2975 sis
256 2926 416 2976 concretum
433 2930 476 2977 est
492 2941 557 2978 earo
569 2923 680 2991 christi,
696 2923 818 2975 humana
834 2925 936 2974 natura
953 2935 983 2972 m

98 2967 216 3047 ¹¹iltostesi
238 2987 324 3056 λόγου
347 2992 528 3047 considerata.
570 2991 652 3047 Licet
673 2991 747 3046 enim
767 3007 832 3044 earo
852 2989 882 3043 in
904 3003 935 3041 se
953 2991 984 3047 ei

98 3053 221 3129 *tandum
239 3074 305 3113 snas
321 3061 510 3141 proprietates
531 3061 567 3114 sit
585 3060 770 3126 abstraotum,
796 3059 862 3113 dnm
886 3062 983 3113 tamen

99 3104 177 3177 (bruti
191 3142 254 3182 earo
274 3126 384 3197 dicitur,
403 3130 624 3204 προσδιορισμὸς
640 3129 685 3183 hio
703 3145 848 3199 personam
861 3124 983 3207 respicit,

99 3184 274 3250 itttumetum
293 3195 392 3254 innuit.
437 3199 523 3254 Porro
550 3199 606 3253 huo
624 3198 764 3269 pertinent
780 3196 983 3268 appellationes

100 3259 243 3319 *uestras
260 3282 279 3320 a
297 3273 400 3322 natura
418 3268 541 3322 humana
558 3269 732 3339 desumptae,
757 3271 876 3337 utputa
893 3265 982 3327 erneis.
