2250 3772
261 239 313 303 De
333 238 475 303 secunda
492 237 602 302 tabida
620 236 776 323 decalogi.
936 238 978 303 93

56 390 59 437 3
140 402 176 485 81,
197 406 304 486 Quibus
326 421 429 472 autem
449 409 531 472 vitiis
552 420 582 472 et
596 400 732 491 peccabit
753 406 937 471 sabbathum

374 542 377 551 .
414 492 632 576 profanatur?
689 482 694 503 ¹

167 591 188 656 l.
212 592 385 658 Ministerii
414 592 503 658 verbi
536 603 568 657 et
601 603 871 658 sacramentorum
902 616 979 658 con·

109 679 201 760 anau,
221 679 458 762 eorundemque
471 676 641 778 multiplici
655 678 767 745 abusu.
824 750 829 759 ¹

161 762 184 826 2.
203 763 334 849 Impura
352 764 442 830 verbi
463 762 709 848 praedicatione.

160 848 183 915 3.
203 847 440 935 scripturarum
454 848 609 926 lectionis,
629 869 770 934 precum,
788 847 978 927 orationum,

106 944 202 1012 tptrum
216 933 378 999 charitatis
393 939 431 997 aa
444 932 721 1020 eleemosynarum
735 931 980 1002 intermissione.

159 1017 183 1084 4.
204 1017 351 1102 Operum
366 1017 507 1083 civilium
525 1038 563 1082 ac
581 1017 743 1083 servilium
752 1017 980 1103 negotiatione.

158 1102 182 1167 5.
202 1102 325 1169 Rerum
345 1102 550 1190 profanarum
566 1125 603 1168 ac
616 1103 820 1180 ludicrarum,
842 1113 878 1167 ut
891 1115 980 1189 puta,

103 1188 358 1273 anpotationum,
401 1188 721 1265 commessationum,
764 1187 979 1268 saltationum,

103 1265 379 1365 obambulationum‚
403 1272 567 1352 ludorum,
588 1272 842 1359 spectaculorum
863 1284 979 1340 tracta-

102 1358 173 1439 tione,
192 1359 340 1443 vitaeque
363 1380 401 1423 ae
421 1380 548 1422 morum
568 1357 849 1444 praevaricatione.

103 1485 135 1551 82·
161 1491 240 1570 Quae
264 1507 310 1557 est
329 1494 470 1578 specialia
492 1496 688 1558 comminatio
710 1507 737 1559 et
759 1515 868 1580 poena
888 1494 979 1578 bray’aa

429 1578 614 1663 praecepti?

160 1674 346 1762 Quicunque
384 1678 600 1764 profanaverit
631 1679 840 1755 sabbathum,
876 1690 978 1755 morte

104 1758 237 1841 morietur,
258 1766 364 1830 and.
385 1765 438 1840 31,
462 1764 511 1828 14.
533 1774 565 1827 et
586 1764 638 1842 35,
659 1765 690 1828 2.

56 1906 58 1927 =
150 1878 267 1944 (Exstant
298 1885 328 1935 et
356 1879 584 1936 comminationes
611 1872 698 1935 eliae:
734 1880 866 1935 immissio
896 1880 979 1952 ignis,

105 1940 175 2000 tacu.
198 1952 248 2018 20,
272 1951 315 2002 47.
341 1948 429 2004 fames
454 1949 586 2004 audiendi
612 1949 742 2018 verbum,
767 1951 855 2004 Amos
880 1953 909 2017 8,
935 1954 977 2008 11.

56 2070 77 2083 ,,
104 2017 315 2086 malaterrae,
339 2017 515 2088 captivitates
538 2023 591 2075 etc.
615 2019 720 2074 Jerem.
740 2022 764 2081 8,
782 2021 808 2075 9.
844 2017 979 2088 Exemplo

104 2084 134 2133 ut
146 2085 264 2157 colligens
281 2086 372 2157 ligne,
390 2088 591 2150 Nma.15‚32.
625 2086 790 2155 Antiochus,
809 2089 833 2139 1.
847 2088 978 2142 Maeccb.

104 2148 165 2214 ta.
182 2155 250 2211 conf.
267 2156 382 2209 Nabata.
402 2158 446 2219 13,
463 2157 526 2224 15.)

232 2310 303 2385 uu
331 2299 571 2384 aunuum
598 2292 811 2387 rreum
844 2376 847 2381 .

85 2507 92 2521 ,
120 2433 141 2496 l·
163 2439 324 2528 Replicatis
341 2448 516 2529 praeceptis
532 2434 658 2529 primae
680 2445 809 2518 tabulae,
834 2467 956 2530 qaaere,

155 2547 162 2572 ¹
240 2553 301 2614 qua
324 2531 362 2594 de
383 2551 417 2592 re
438 2531 570 2592 secanda
591 2529 696 2592 tabula
716 2529 813 2614 apat?
898 2531 901 2539 ’

320 2646 373 2711 De
395 2646 564 2711 dilectione
585 2645 755 2733 proximi..

105 2799 110 2812 ,
155 2737 340 2818 (Dttnguinn
356 2746 444 2818 igitur
461 2765 479 2801 a
494 2740 591 2817 prima,
610 2748 728 2817 objecto.
764 2747 836 2810 Quia
852 2751 979 2801 versatur

104 2809 230 2869 lmmediate
259 2815 335 2871 eirea
364 2816 519 2897 proximum
552 2822 580 2871 et
602 2834 618 2871 o
640 2834 688 2872 era
716 2815 857 2896 eharitatis
888 2815 979 2871 eidem

102 2880 246 3016 mila.
292 2882 408 2939 Interim
435 2889 529 2939 tamen
558 2901 603 2939 me
634 2890 680 2940 ate
707 2890 791 3002 etlam
819 2884 856 2939 ad
886 2882 980 2939 Deum

182 3069 207 3134 2.
234 3072 395 3151 Quaenam
416 3086 461 3137 est
479 3097 599 3139 samma
619 3073 709 3156 bajas
733 3038 894 3137 tabulati·
963 3142 966 3149 ,

103 3246 110 3262 ,
167 3174 206 3243 Ut
222 3182 394 3269 diligamus
413 3181 595 3268 proximum
622 3192 783 3258 noum,
811 3182 894 3246 sicut
920 3206 979 3248 nos

103 3271 178 3338 ΨΜ,
194 3267 304 3333 uara.
320 3269 372 3345 22,
394 3268 445 3335 39.
479 3269 524 3335 Et
545 3267 661 3353 omnia,
683 3289 765 3351 quae
786 3267 998 3343 voluerimus,
