2250 3772
346 238 399 303 De
420 239 480 305 IV.
495 239 664 326 petitione.
897 240 962 307 459

87 401 182 459 2tc
209 405 385 476 evangelium
406 406 542 461 Matthaei
564 405 749 474 Hebraicum,
775 406 850 486 quod
872 424 959 478 penes

86 488 208 529 zaraeos
236 473 392 530 Berrhoeae
421 476 628 539 asservabatur,
663 475 815 544 consuluit,
844 475 873 529 in
904 495 960 547 quo

86 539 183 611 iptum
205 543 308 612 reperit
325 544 449 612 macher,
470 546 544 615 quod
564 562 629 599 cros
647 542 793 614 significat,
812 561 876 597 cum
893 546 958 600 arti-

86 625 110 662 ο
140 611 270 680 dimthat,
293 613 459 681 crastinum,
484 620 512 667 et
534 613 574 667 sic
597 619 689 667 essent
714 612 855 682 petitionis
873 613 957 684 hujus

86 679 191 734 nelis:
217 691 324 749 possem
348 690 476 736 nostrum
503 683 658 735 crastinum
684 683 724 734 da
757 682 837 735 aoso
866 683 960 739 leodic.

86 762 132 801 uc
149 749 314 805 sententiam
332 750 447 821 reliquis
467 750 594 805 omnibus
614 749 737 831 praefert
754 751 882 819 Aoqelus
903 750 957 805 Co·

86 816 152 885 ius,
167 834 283 889 eamque
301 819 401 888 probat
419 819 511 873 verbis
523 819 633 886 Christi,
652 818 752 890 quibus
772 818 958 890 interdixerat,

97 884 164 938 sint
181 885 229 956 ‘pii
252 885 354 941 soliciti
380 886 415 941 de
437 887 572 943 crastinis.
606 886 654 941 Ad
676 889 756 957 eujus
775 887 959 942 solicitudinis

86 967 144 1007 am
160 954 272 1024 penitus
284 956 456 1010 eximendam
466 956 605 1011 Christum
616 957 783 1026 praecipere,
800 962 833 1009 ut
844 957 959 1012 Patrem

86 1037 177 1076 emus
216 1025 264 1093 qui
284 1030 395 1080 nostrae
414 1025 568 1079 infirmitati
585 1024 755 1095 prospiciens
779 1024 858 1079 nobis
877 1043 957 1095 prae·

86 1093 112 1142 t
131 1063 230 1162 pridie,
250 1099 392 1163 quamtum
407 1093 535 1148 sufficere
548 1094 637 1164 possit
647 1093 789 1163 postridie.
816 1092 913 1163 Addit,
929 1096 959 1149 in

86 1156 126 1212 lo
149 1177 251 1230 graeco
278 1167 374 1218 autore
399 1162 557 1233 significare
584 1161 737 1234 ἐπιούσιον,
756 1163 957 1232 quotidianum,

86 1246 207 1352 ,ellit
227 1227 957 1355 tebttlttntdtltstttttttttt

87 1365 170 1433 ιώὸη
196 1338 243 1421 νέΙ
268 1368 366 1422 saltem
392 1368 532 1424 ἔπούσιον.
569 1369 634 1423 Vid.
661 1319 902 1439 Canioedisquis.
926 1370 957 1423 in

112 1435 224 1505 aliquot
241 1437 311 1492 Nov.
330 1437 451 1492 Testem.
469 1455 497 1507 p.
517 1444 559 1493 99.
580 1444 607 1491 et
626 1454 702 1508 seqq.
738 1436 776 1491 Et
793 1437 873 1492 bene.
902 1438 957 1492 De·

86 1503 157 1576 ndis
172 1504 247 1558 enim
264 1523 319 1559 non
335 1507 372 1560 ab
390 1506 430 1561 ὢν
449 1511 499 1560 aut
517 1510 575 1572 εἰμι
592 1518 662 1574 sum,
681 1506 730 1560 sed
749 1506 785 1561 ab
797 1504 857 1562 niv
871 1507 955 1576 parti·

86 1584 119 1622 to
148 1572 226 1627 verbi
253 1570 310 1646 εἶμι
335 1591 381 1643 eo,
414 1572 488 1629 unde
514 1574 617 1647 ἔπειμι.
659 1573 733 1638 Quid
765 1576 839 1645 quod
869 1580 897 1630 et
925 1573 955 1628 τὸ

86 1639 188 1701 >donoc
205 1641 235 1695 in
253 1642 349 1696 eedem
368 1644 390 1696 si
432 1642 568 1698 'ficatione
587 1643 734 1715 aliquoties
754 1643 784 1697 in
801 1643 870 1698 actis
891 1661 956 1714 apo·

86 1722 141 1764 tor.
155 1709 310 1780 reperitur?
327 1711 393 1767 vide
406 1755 412 1768 .
425 1715 523 1766 Actor.
539 1719 562 1780 7,
573 1716 619 1766 26.
639 1717 666 1767 et
683 1715 726 1774 16,
747 1716 789 1767 11.
809 1718 837 1766 et
856 1717 962 1776 20‚15.·

86 1773 137 1856 ?1’
156 1783 196 1833 18.
215 1785 243 1834 et
262 1782 308 1849 23,
327 1784 369 1842 11,
389 1781 438 1835 ubi
453 1780 573 1835 habetur
590 1782 622 1853 τῇ
639 1780 761 1854 ἐπιούσῃ,
778 1781 823 1834 vel
841 1781 956 1855 ἐπιούσῃ

89 1862 145 1912 ρα,
162 1847 192 1899 id
209 1853 258 1916 est,
276 1849 401 1915 sequenti
412 1849 465 1904 die.
493 1849 599 1905 Verum
613 1868 662 1904 nos
677 1848 835 1904 doctoribus
848 1849 955 1904 isthaec

86 1914 222 1970 zutisnda
240 1917 439 1988 relinquimus.)

288 2053 338 2118 80.
373 2053 434 2118 Cor
455 2057 581 2119 additur
600 2053 716 2117 hodie?

131 2153 318 2239 Propterea,
339 2155 416 2240 quia
437 2177 502 2219 non
524 2155 677 2219 debemus
699 2153 792 2217 anxie
815 2177 883 2219 esse
905 2177 956 2220 so·

86 2233 123 2298 ti
146 2239 181 2302 in
206 2239 392 2325 crastinum,
414 2240 470 2303 sed
492 2240 549 2303 ubi
571 2239 745 2304 vocationis
768 2262 881 2325 operas
899 2241 955 2305 de-

86 2335 105 2379 2
141 2323 310 2388 sedulitate
337 2324 526 2401 fecerimus,
558 2325 787 2389 incrementum
808 2327 955 2391 laborum

94 2403 159 2472 die
178 2408 213 2472 in
233 2409 317 2472 diem
337 2409 410 2474 Deo
432 2411 663 2477 commendare.

173 2563 226 2630 81.
262 2562 326 2627 Cur
344 2565 480 2648 petimus
496 2587 612 2647 paoem
634 2565 720 2626 nobis
741 2561 829 2625 dari?

127 2676 177 2744 Ut
196 2688 350 2743 testemur
370 2702 428 2743 nos
449 2703 536 2744 mere
557 2680 719 2744 mendieos
742 2701 849 2743 eorem
871 2677 954 2756 Deo,

86 2761 189 2845 *oque
212 2764 335 2841 omnia,
363 2787 445 2847 quae
474 2765 644 2849 habemus,
672 2787 738 2828 non
758 2775 884 2827 nostrae
906 2762 955 2826 in-

86 2846 194 2926 triae,
216 2850 273 2912 sed
297 2848 422 2913 divinae
443 2849 634 2936 benignitati
655 2849 794 2935 supremi
812 2847 955 2912 omnium

86 2930 163 2995 oris
185 2943 317 3019 accepta
337 2933 430 3021 ferre,
447 2935 541 3017 juxta
555 2935 635 2998 illud
650 2936 735 3000 Psoi.
754 2932 955 3018 145,15.16.

86 3009 145 3078 uli
164 3019 306 3082 omnium
327 3019 361 3083 in
381 3029 413 3084 te
442 3030 570 3104 sperant
590 3018 747 3096 Domine,
781 3029 812 3081 et
833 3027 876 3102 tu
897 3017 954 3081 das

86 3111 152 3164 am
183 3102 314 3167 illorum
350 3104 383 3167 in
419 3114 483 3168 tem
508 3127 562 3169 ore
595 3113 784 3189 opportune.
833 3102 952 3186 Aperis

86 3194 174 3275 t{um
208 3198 314 3267 tuam,
351 3201 383 3253 et
418 3128 531 3276 impfes
575 3212 668 3254 omne
704 3186 822 3279 animal
856 3188 954 3253 bene-

86 3278 191 3339 2lone.
