2250 3772
176 240 266 308 Pn‘m
287 263 394 327 praee.
414 277 459 290 —
483 241 536 306 De
559 240 695 327 sculptil.
720 252 752 305 et
771 241 867 327 imag.
933 240 976 307 65

92 405 154 485 dunt
182 407 238 473 Quo
254 409 316 478 ipso
334 427 390 464 non
408 414 517 464 tantum
541 427 560 464 a
574 411 713 463 catechesi
730 410 974 478 Heidelberpeoai‚

92 474 145 543 ipat
157 476 271 549 alioquin
289 479 459 548 authentica,
476 479 630 548 discedunt,
648 479 697 533 ubi
715 498 741 550 q.
754 486 778 534 4.
792 485 820 533 et
832 484 873 532 94.
885 477 973 532 idolo·

91 542 154 623 lfftrit
166 552 191 602 et
207 547 367 617 superstitio
387 549 476 603 onmia
497 548 586 617 primo
603 553 752 618 praecepto
772 546 913 617 prohiberi
933 546 973 600 di·

91 616 156 679 citur,
180 615 242 670 ride
264 617 357 670 Uraia.
380 617 478 686 explic.
498 617 603 672 catech.
627 634 655 686 p.
677 622 700 672 3.
744 658 750 669 .
772 621 821 670 693
837 633 894 686 seq.
914 621 973 683 707,

90 680 163 737 sedet
179 685 327 766 genuinam
345 686 461 740 aliorum
479 690 692 766 praeceptorum
729 684 836 755 ecalogi
854 682 974 764 explica·

91 748 171 807 tionem
184 752 348 834 miringunt.
384 755 431 811 sio
449 771 522 809 emm
539 761 568 809 et
584 754 636 810 soli
653 759 783 823 parentes
801 770 913 823 proprie
924 752 973 807 ho·

89 820 191 898 comedi,
208 827 402 903 magistratus,
425 828 532 877 tutores
554 827 584 878 et
605 827 798 892 praeceptores
815 821 972 891 improprie.

90 884 127 941 dte
144 888 322 960 homicidium,
347 892 515 946 adulterium
544 898 597 948 etc.
629 891 740 961 proprie
766 909 822 945 non
850 890 973 944 commit·

91 955 166 1027 mla,
182 959 231 1029 ira,
248 960 373 1029 lascivia,
394 960 597 1029 malevolentia,
614 960 772 1031 improprie.
808 959 881 1022 Quid
917 959 973 1014 uod

10 1088 15 1097 ,
89 1022 168 1081 mulae
230 1034 275 1083 tea
292 1029 427 1101 imagines
444 1047 496 1100 pro
515 1029 568 1083 diis
581 1029 746 1083 coluerunt?
765 1029 851 1082 Exem
872 1029 899 1081 lo
940 1045 969 1082 a·

10 1110 12 1115 '
88 1045 358 1213 ffirmdffamrum,
382 1102 406 1155 1.
425 1100 502 1154 Sam.
520 1104 550 1163 5,
573 1101 595 1166 7,
613 1104 642 1151 et
659 1097 819 1169 gentilium,
862 1099 926 1152 lom.
946 1100 972 1164 1,

118 1202 124 1215 .
148 1166 203 1219 Nec
221 1167 314 1221 obstat
334 1173 357 1222 1.
375 1167 450 1238 qu'od
469 1167 579 1220 omnino
598 1166 746 1221 videantur
763 1183 824 1220 esse
842 1165 974 1219 distincta

88 1241 226 1304 praeopta
260 1235 382 1305 primum
412 1236 484 1291 enim
513 1243 694 1305 praeceptum
725 1236 760 1290 de
792 1235 846 1288 diis
875 1234 973 1289 alienis

88 1310 152 1367 'gere
165 1303 199 1358 de
216 1304 298 1359 cultu
314 1304 423 1359 interno
449 1310 630 1375 praeceptum
648 1321 713 1358 vero
731 1305 767 1359 de
785 1303 971 1375 imaginihus;

88 1364 116 1419 dt
131 1370 198 1449 cultu
220 1377 334 1427 externo
361 1373 398 1428 ab
423 1346 580 1428 hominibus
606 1373 761 1443 excogitato
791 1379 819 1426 et
847 1376 973 1439 conficto,

88 1432 160 1516 Ureu,
178 1440 262 1521 alleg.
279 1441 330 1497 loe
355 1460 383 1512 p.
402 1447 461 1498 694.
479 1448 509 1496 et
526 1448 584 1497 707.
624 1444 809 1510 Respondeo:
830 1458 886 1495 non
909 1457 973 1494 con-

86 1502 178 1577 edm,
213 1526 263 1564 ura
288 1510 415 1565 tumba
434 1510 561 1581 decalogi
585 1510 790 1581 generalissime
814 1509 973 1579 intelligun-

86 1573 123 1625 tur
139 1574 168 1631 de
189 1526 243 1632 this
263 1579 375 1647 alienis,
402 1596 511 1650 quocun
534 1596 568 1633 ue
590 1579 672 1633 modo
700 1579 796 1646 dictis,
821 1578 856 1631 de
875 1577 973 1648 quovis

84 1654 159 1699 etrum
178 1647 265 1703 cultu.
317 1647 390 1711 Quia
408 1654 433 1704 2.
459 1597 535 1718 quod

85 1710 148 1766 nodo
162 1721 291 1771 externus
318 1715 349 1770 id
366 1732 422 1771 non
438 1724 481 1771 est
497 1733 531 1771 ex
568 1716 657 1771 eneris
675 1715 844 1782 differentia,
869 1716 919 1768 sed
938 1732 973 1769 ex

84 1777 187 1847 ejusdem
203 1757 315 1855 generis
333 1785 470 1840 distinctis
487 1734 687 1840 accidentibus.
721 1785 764 1838 Ex
779 1783 973 1864 accidentibus

10 1874 12 1885 ·
83 1852 158 1904 tutem
174 1851 255 1907 firma
273 1853 345 1925 legis
362 1854 519 1909 differentia
539 1853 669 1909 constitui
685 1871 741 1907 non
766 1857 865 1924 potest.
901 1852 974 1915 Quia

10 1922 16 1943 ²
82 1917 246 1976 attenedo
270 1922 340 1977 haec
365 1922 395 1977 in
411 1923 472 1979 Scri
493 1929 556 1977 tura
573 1940 629 1978 non
645 1922 730 1976 hahet
749 1922 970 1988 fundamentum,

79 1984 133 2067 quit
146 1990 236 2045 cultus
254 1996 392 2067 externus,
410 1992 458 2063 qui
472 1941 508 2045 ht
521 2009 573 2061 per
588 1991 730 2062 imagines,
747 1991 831 2045 ctiam
848 1989 902 2059 ipsi
912 1990 974 2044 Deo

77 2054 201 2113 hrbuitur.
236 2059 372 2129 Exemplo
388 2060 579 2115 Israithtarum
599 2060 775 2114 adorantium
793 2060 911 2112 vitulum
929 2058 972 2112 fu-

76 2124 145 2182 silem
161 2127 309 2198 eidemque
327 2128 554 2198 sacrificantium,
574 2132 667 2184 Ecod.
686 2132 733 2196 32,
753 2132 769 2180 8
795 2128 974 2182 servientium

71 2192 135 2249 Bul
152 2202 181 2250 et
196 2196 347 2265 Astaroth,
370 2214 426 2269 quo
445 2199 505 2269 ipso
524 2197 703 2268 dereliquisse
721 2197 857 2252 Jehovam
875 2197 971 2250 dicun·

69 2268 119 2333 hir,
133 2266 203 2319 Jud.
223 2268 251 2333 2,
269 2270 310 2319 11.
331 2269 375 2320 12.
396 2270 439 2320 13.
485 2267 532 2321 Sic
550 2268 596 2321 Oa.
615 2272 642 2335 2,
661 2270 696 2320 16
721 2266 812 2337 inquit
828 2266 971 2321 Jehovah:

67 2349 120 2389 non
130 2333 243 2389 vocabit
258 2351 302 2388 me
313 2335 388 2389 ultra
398 2335 515 2390 Baalim.
541 2336 616 2406 Ergo
629 2341 658 2389 et
668 2340 797 2389 externus
807 2336 907 2398 cultus,
925 2335 974 2416 qui

65 2400 97 2457 tit
111 2420 162 2473 per
177 2402 216 2456 im
256 2403 262 2415 '
283 2419 322 2471 es,
339 2403 447 2459 interne
459 2405 495 2458 ad
511 2404 603 2473 ipsum
614 2403 706 2458 Deum
718 2404 853 2474 dirigitur.
880 2404 973 2472 Ratio,

62 2470 199 2553 tiqnidem
215 2420 372 2526 iffilatria
382 2489 438 2527 non
456 2478 498 2527 est
514 2473 544 2526 in
560 2472 682 2545 imagine
700 2490 799 2543 perse,
816 2473 865 2527 sed
883 2478 925 2527 est
943 2473 974 2526 in

61 2556 154 2595 auimo
173 2547 202 2595 et
217 2540 303 2594 corde
320 2541 446 2611 hominis,
464 2543 566 2596 Erech.
586 2546 627 2610 14,
648 2544 670 2605 7,
689 2543 747 2596 sive
766 2542 894 2609 alienum,
914 2542 973 2595 sive

60 2626 159 2665 verum
177 2608 272 2665 Deum
300 2616 410 2679 praeter
438 2610 564 2664 divinum
589 2610 766 2676 mandatum,
795 2611 839 2664 vel
864 2610 973 2664 interno

57 2678 140 2733 cultu
157 2676 264 2749 absque
279 2677 415 2750 imagine,
440 2680 486 2734 uel
506 2686 618 2734 externo
641 2679 693 2734 sub
713 2678 811 2759 figuris
837 2678 973 2748 sculptili·

57 2748 114 2803 bus
132 2746 217 2801 colat
242 2746 289 2802 Sic
304 2764 403 2801 aurum
420 2755 448 2802 et
460 2754 605 2819 argentum
622 2765 673 2818 per
689 2765 719 2802 se
735 2748 812 2802 idola
827 2765 882 2801 non
900 2751 974 2814 sunt,

56 2816 111 2871 red
127 2821 274 2870 creaturae
289 2832 342 2896 per
358 2831 389 2870 ee
408 2816 512 2884 bonae;
538 2823 581 2871 est
599 2822 692 2870 autem
709 2815 814 2869 idolum
833 2815 863 2868 in
881 2815 974 2869 animo

53 2884 153 2953 avari,
184 2889 310 2954 putantis
336 2885 408 2939 illud
434 2886 520 2940 robur
549 2902 643 2955 suum,
673 2887 739 2939 Job.
762 2887 807 2947 31,
835 2887 878 2937 24.
927 2882 973 2939 Sic

53 2952 166 3009 vitulus
192 2968 293 3007 aureus
318 2971 369 3024 per
393 2969 423 3008 se
454 2954 560 3008 idolum
585 2972 642 3008 non
673 2960 729 3009 est:
756 2959 799 3006 est
823 2959 916 3006 autem
943 2953 973 3006 in

52 3022 155 3079 mimo
171 3020 360 3076 israelitorum
393 3022 460 3094 quia
497 3040 527 3078 er
548 3023 627 3077 illum
650 3038 745 3077 verum
761 3021 853 3075 Deum
877 3026 976 3075 contra

53 3090 227 3170 mendatium
248 3090 304 3171 Dei
329 3062 419 3146 coiere
441 3041 596 3147 vofuerunt.
640 3094 701 3145 Nec
728 3091 818 3171 obstat
846 3096 870 3145 2.
898 3091 974 3161 quod

51 3160 203 3217 distinctio
230 3160 428 3214 versiculorum
454 3166 484 3216 et
513 3161 638 3215 diversae
668 3163 822 3214 sententiae
853 3166 975 3231 arguant

50 3230 145 3288 otiam
164 3226 276 3283 diversa
292 3235 450 3299 praecepta.
480 3231 572 3283 Ursin.
592 3229 696 3284 catech.
717 3246 744 3298 p.
764 3232 822 3282 684.
848 3230 974 3298 Respon-

50 3302 128 3355 ἆσαι
157 3296 229 3352 alias
247 3297 322 3352 enim
341 3302 385 3352 tet
408 3305 500 3355 essem
516 3303 682 3369 praecepta,
707 3301 776 3367 quot
794 3305 860 3352 sunt
878 3298 908 3351 in
928 3299 976 3352 de·

797 3392 811 3436 5

559 1648 651 1702 cultus
678 1653 720 1701 est
743 1647 825 1701 modo
848 1647 973 1700 internus
