2250 3772
112 232 226 324 Dore
249 252 274 296 s.
296 250 413 294 coenae
438 238 571 291 terrena.
615 222 660 290 Π.
695 222 749 287 De
770 223 853 289 vino.
896 218 960 290 547

70 398 197 456 rivandi?
231 399 343 450 Mani
366 400 390 449 2.
403 393 559 463 pontificii,
587 393 634 474 qui
654 392 747 446 Laicis
770 391 960 462 symbolorum

70 485 189 526 tororum
212 471 344 521 contactu
369 480 403 518 ex
427 480 472 520 eo.
497 462 572 534 quod
595 462 729 516 rmmundi
751 461 821 529 sint,
846 461 979 519 interdi-.

70 544 123 607 rut,
141 537 197 590 rid.
214 551 277 616 cap.
295 541 336 588 41.
359 534 394 587 de
412 537 568 586 consecrat.
593 531 714 585 distinct.
741 535 764 588 1.
800 531 863 586 Non
885 531 959 586 enim

85 623 156 662 vera
171 609 305 658 sanctrtas
323 608 366 656 est
383 601 505 656 exterior
521 600 570 653 illa
588 600 758 666 clericorum,
777 616 861 672 quam
872 599 960 680 hypo-

70 674 143 731 itice
160 690 227 744 prae
246 690 275 726 se
292 670 399 738 ferunt,
420 668 601 722 sanctimonia
620 677 649 723 et
667 668 813 724 ementitus
832 668 958 736 habrtus3

69 745 213 800 trinsecus
232 743 305 794 enim
328 738 507 809 utplurimum
531 743 596 790 sunt
613 737 715 807 impuri
743 738 820 807 porei
844 745 872 811 et
896 737 958 790 libi·

69 812 139 868 'rrosi
157 827 246 866 canes.
283 815 307 864 2.
326 807 425 862 Praxis
447 806 603 876 primitivae
626 807 758 861 ecclesiae
783 807 957 861 contradicit

69 927 71 934 .
96 882 217 939 Nostrae
239 877 371 932 ecclesiae
395 875 565 930 consuetudo
588 882 631 929 est
659 875 818 941 arbitraria,
848 892 900 930 nec
922 875 958 931 ob

69 948 254 1005 nmunditiem
267 945 413 1001 Laicorum
431 945 565 999 hacteuus
583 945 750 1012 observata.)

324 1114 366 1182 Π
409 1115 488 1179 DE
526 1112 692 1181 VINO.

69 1273 122 1340 19.
169 1269 329 1349 Quodnam
351 1281 396 1333 est
417 1267 524 1332 vinum
546 1271 580 1330 ia
600 1291 640 1330 aa.
663 1289 772 1332 coenae
791 1292 850 1332 usu
874 1273 931 1334 ad-

410 1351 598 1418 hibendum?

134 1472 226 1539 Sicut
255 1451 406 1537 verus-et
439 1469 592 1535 naturalis
624 1471 737 1557 panis,
769 1473 814 1537 itu
845 1495 956 1537 rerum

68 1561 145 1626 :iam
156 1569 187 1622 et
198 1558 342 1621 naturale
357 1562 470 1634 viuum,
485 1556 572 1639 quod
590 1555 631 1620 sit
644 1557 794 1642 genimen
808 1557 875 1623 sive
889 1557 956 1622 fru-

68 1667 117 1710 :us
140 1643 212 1707 vitis
235 1656 327 1707 etex
346 1642 415 1706 uvis
438 1664 631 1726 expressum.
680 1644 792 1708 ritorto.
811 1644 863 1720 26,
892 1645 954 1723 295

68 1731 127 1797 aa.
151 1729 274 1805 2218.

116 1846 282 1915 (Errwtuot
298 1844 385 1916 igitur
404 1850 426 1900 1.
441 1843 600 1912 Socer-iurat,
619 1842 667 1913 qui
684 1843 781 1897 riuum
792 1846 956 1915 rejecerunt.

68 1915 113 1970 id.
132 1914 278 1982 Epiphau.
296 1913 314 1969 l.
335 1920 357 1969 1.
376 1912 481 1967 haeres.
502 1920 544 1967 45.
571 1919 589 1968 t.
609 1917 633 1966 3.
652 1928 717 1983 pag.
742 1917 798 1967 182.
833 1913 955 1981 August.

68 1985 81 2040 i
104 1981 247 2046 Quodvult
268 1981 372 2037 haeres.
391 1988 432 2037 24.
454 1988 473 2036 t.
494 1986 517 2034 6.
539 1980 594 2034 col.
616 1987 654 2035 17.
672 1982 707 2035 A.
748 1986 773 2034 2.
794 1981 912 2033 Tatium·
927 1987 957 2034 et

68 2052 230 2119 mentitae,
258 2050 306 2121 qui
330 2066 432 2121 aquam
461 2049 679 2119 substituerunt,
704 2049 779 2102 unde
804 2053 833 2104 et
849 2049 957 2120 aquarii

68 2121 123 2176 teti.
169 2121 314 2189 Epaphum
339 2119 444 2174 haeres.
472 2125 513 2174 46.
540 2136 567 2188 p.
589 2123 646 2173 183.
699 2123 724 2172 3.
745 2119 905 2187 Pepaza'aui
929 2126 957 2172 et

67 2188 260 2258 templumque,
284 2187 333 2259 qui
355 2188 490 2260 sanguine
512 2187 632 2240 humano
649 2202 763 2241 coenam
783 2187 957 2242 administra·

67 2263 124 2313 rnt
160 2258 277 2326 Aequas.
298 2256 378 2337 alleg.
396 2257 447 2312 loo.
466 2255 493 2310 iu
512 2261 553 2310 26.
573 2262 601 2310 et
613 2261 653 2312 27,
672 2256 722 2310 col.
745 2263 783 2310 17.
798 2255 829 2310 C.
841 2256 876 2310 D.
901 2257 958 2309 Er·

67 2335 117 2382 ant
135 2333 159 2381 4.
177 2327 341 2380 Caluisiana
357 2325 416 2393 rati,
439 2326 487 2394 qui
507 2325 536 2378 in
554 2324 714 2396 regionibus
738 2325 958 2395 septentrionali·

67 2413 117 2460 us,
141 2394 189 2449 ubi
210 2395 268 2448 vini
287 2394 368 2464 copia
384 2393 482 2448 haberi
498 2410 554 2447 non
577 2393 677 2464 possit,
700 2410 801 2464 aquam
821 2394 882 2449 loco
899 2394 957 2448 vini
1052 2416 1055 2421 ·

67 2464 235 2520 ihibendam
251 2464 281 2517 in
298 2479 378 2517 sacra
391 2463 489 2533 synaxi
502 2470 635 2517 asserunt.
663 2465 773 2518 Baccara.
789 2462 852 2517 inst.
872 2461 957 2516 theol„

67 2539 100 2589 rt.
120 2537 161 2588 48.
182 2550 227 2602 qu.
245 2538 287 2590 21.
305 2550 332 2602 p.
355 2538 413 2588 662.
454 2532 556 2586 Polou.
574 2531 603 2584 in
620 2538 701 2601 synta
723 2576 729 2587 .
748 2531 831 2585 theol.
850 2530 868 2587 l.
886 2538 910 2586 6.
935 2547 958 2586 c.

67 2609 88 2659 3.
117 2619 145 2671 p.
166 2607 225 2659 499.
257 2602 308 2656 col.
328 2606 352 2656 8.
394 2600 494 2656 Omnia
517 2600 660 2653 instutioni
684 2549 786 2654 uixisti
812 2598 957 2668 contraria,

67 2686 120 2726 uae
143 2669 314 2724 strictissime
336 2669 525 2739 observanda,
543 2685 595 2722 nec
613 2668 671 2723 ullo
688 2667 859 2724 necessitatis
876 2683 955 2738 prae·

67 2745 129 2798 txtu
147 2739 338 2807 immutanda.)

66 2894 119 2961 0.'
145 2891 241 2971 Quale
261 2894 338 2956 iilud
358 2915 420 2956 case
448 2893 547 2966 debet,
564 2892 719 2988 'alburnos
741 2915 781 2953 an
802 2888 958 2954 rubrum?

137 3009 194 3074 Nil
213 3010 353 3086 interest,
375 3008 441 3073 sive
461 3009 569 3073 album
585 3007 634 3084 sit,
656 3007 721 3071 sive
736 3008 876 3084 rubrum,
898 3028 957 3091 pro

66 3096 223 3181 ujuslibet
243 3094 396 3160 ecclesiae
415 3106 543 3179 recepta
563 3092 799 3156 cousuetudine.
834 3091 959 3156 Caven-

66 3205 127 3247 .um
149 3193 273 3256 tamen,
300 3202 340 3243 ne
363 3200 521 3263 quacum
543 3177 734 3242 offendiculo
761 3177 958 3242 infirmorum

66 3265 243 3352 uscipiatur
264 3263 437 3330 innovatio.

751 3371 793 3414 ³5·
