2250 3772
315 231 368 296 De
387 254 422 296 re
444 253 468 296 s.
488 252 609 296 coenae
633 231 772 296 coelesti.
940 231 1003 297 553

90 399 324 478 benedicendo,
346 400 575 477 distribuendo,
596 398 719 463 edendo
732 409 763 462 et
776 399 917 464 bibendo
931 423 1004 487 per-

91 485 211 562 ficitur,
234 507 297 569 quo
320 486 466 551 absoluto
488 508 557 550 esse
579 484 703 550 desinit.

161 587 293 654 (Etromt
314 586 401 658 igitur
421 586 578 655 pontificii,
608 590 631 641 1.
657 584 722 637 dum
747 583 884 638 missatico
902 586 1001 639 canoni

86 655 258 726 prodigiosis
276 654 437 710 ceremoniis
456 670 538 723 super
556 652 683 724 symbola
698 651 778 722 panis
803 659 831 708 et
849 653 907 706 vini
925 670 943 707 a
959 670 1001 707 sa·

89 722 219 778 crificnlo
237 731 397 778 enumerato
414 723 555 776 vinculum
572 721 680 775 unionis
698 722 902 776 sacramentalis
920 721 1002 793 panis

86 797 120 847 ,et
144 793 267 861 corporis
291 791 394 847 Christi
421 791 609 872 superstitiose
627 789 804 857 adscribunt,
822 799 850 844 et
866 791 902 844 ad
920 791 1002 862 sylla-

86 860 159 916 bam
178 879 225 914 um
254 860 283 914 in
301 867 420 932 quatuor
439 861 481 914 brs
500 858 604 914 verbis:
630 859 683 912 hoc
708 865 750 912 est
767 875 866 929 corpus
883 877 928 914 me
945 878 1000 924 am,

86 946 194 1000 panem
213 946 312 999 corpus
332 929 443 984 Domini
471 928 530 982 fieri
555 933 688 984 asserunt.
723 927 788 984 Vid.
811 928 916 982 Concil.
938 929 1002 981 Tri—

87 1001 168 1052 dent.
188 1015 254 1054 sess.
275 1003 312 1054 13.
339 998 441 1052 decret.
465 997 499 1051 de
526 996 553 1052 S.
576 994 730 1049 Eucharist.
750 1011 774 1049 c.
792 1003 816 1051 4.
841 1003 869 1050 et
896 1013 955 1051 can.
976 1004 999 1052 4.

86 1067 262 1120 Beliarmin.
272 1066 291 1120 L
301 1074 326 1121 4.
335 1067 371 1121 de
380 1066 524 1121 eucharist.
542 1082 566 1118 c.
577 1069 600 1118 2.
620 1071 647 1118 et
660 1080 734 1134 seqq.
752 1069 773 1119 t.
786 1069 809 1117 3.
822 1065 874 1120 col.
888 1071 937 1120 655
950 1071 1002 1121 etc.

86 1135 157 1191 Vid.
175 1134 248 1188 infra
264 1135 299 1189 de
317 1134 634 1189 transsubstantiatione.
672 1131 742 1186 Cum
762 1138 856 1187 tamen
872 1151 1001 1203 praesen·

86 1205 160 1260 tiam
179 1203 301 1273 corporis
319 1209 347 1258 et
364 1203 504 1275 sanguinis
524 1201 626 1256 Christi
644 1201 673 1254 in
691 1217 777 1254 coena
793 1203 896 1255 nullius
914 1202 1000 1256 homi-

86 1273 135 1328 nis
153 1271 232 1341 fides,
251 1272 381 1343 dignitas,
400 1290 482 1341 opus,
500 1272 601 1325 nedum
618 1269 733 1324 verbum
753 1277 781 1324 et
798 1271 999 1340 pronunciatio,

86 1341 142 1396 sed
159 1341 220 1394 sola
238 1346 361 1410 praestet
377 1340 489 1394 Domini
512 1339 597 1412 nostri
617 1339 687 1393 Jesu
705 1337 808 1393 Christi
828 1339 998 1409 omnipoten-

86 1410 146 1474 tia,
170 1409 272 1474 virtus,
296 1410 432 1463 institutio
450 1416 478 1464 et
496 1408 640 1463 ordinatio.
675 1412 699 1462 2.
718 1407 791 1461 Dum
810 1425 861 1479 pro
879 1408 1000 1480 aegrotis

86 1484 119 1535 et
136 1478 290 1533 viatoribus
309 1494 409 1560 panem
428 1482 456 1532 et
472 1477 567 1530 vinum
585 1482 755 1545 consecrant,
773 1494 845 1547 quae
856 1477 1000 1548 interjecto

86 1546 223 1618 temporis
242 1547 289 1601 lon
310 1541 409 1600 rusculi
427 1545 516 1615 spatio
532 1547 642 1600 demum
654 1544 864 1600 distribuuntur.
893 1547 998 1601 Consti.

86 1617 223 1671 Tridcat.
248 1615 275 1672 d.
290 1565 313 1670 ἥ.
339 1632 361 1668 c.
381 1621 406 1671 6.
425 1621 453 1669 et
471 1632 531 1672 can.
550 1621 574 1669 7.
614 1614 783 1669 Bcllarmia.
812 1614 838 1667 d.
857 1622 877 1671 t.
899 1622 923 1671 3.
949 1614 1000 1669 col.

86 1691 153 1742 659.
166 1683 197 1739 C.
233 1683 302 1738 Cum
329 1689 422 1737 tamen
448 1682 573 1738 Christus
604 1699 687 1752 super
714 1700 813 1753 panem
843 1689 871 1738 et
897 1683 1002 1753 vinum,

106 1770 164 1808 uae
174 1769 190 1808 a
201 1752 317 1824 vestigio
329 1753 374 1807 edi
392 1751 512 1820 volebat,
529 1752 737 1822 promissionem
755 1768 833 1805 suam
841 1752 1001 1821 prolocutus

120 1821 185 1878 erit.
213 1827 236 1876 3.
248 1821 322 1875 Dum
341 1827 454 1902 peracta
464 1837 550 1875 coena
559 1819 661 1874 hostias
680 1826 862 1888 consecratas,
880 1827 911 1874 ut
929 1838 1001 1892 quae

86 1891 148 1946 sint
167 1906 266 1960 corpus
286 1889 403 1954 Christi,
421 1888 593 1944 domunculis
612 1889 668 1941 suis
686 1888 848 1952 includunt,
872 1888 1001 1957 praefixis
1057 1913 1064 1918 ·

86 1959 216 2016 accensis
233 1958 356 2012 candelis
374 1966 523 2021 asservant,
543 1957 653 2011 easdem
670 1956 753 2010 ctiam
774 1956 941 2027 quandoque
958 1975 1000 2012 re-

86 2028 150 2103 gali
167 2044 269 2098 pompa
287 2028 316 2080 in
329 2025 550 2096 processionibus
562 2024 681 2095 publicis
695 2025 916 2096 circumgestant,
937 2043 1001 2096 sup·

86 2097 160 2180 plici
181 2096 329 2166 procubitu
347 2095 477 2162 adorant,
495 2093 642 2148 honoribus
660 2099 773 2162 ornant,
791 2098 826 2163 {et
843 2093 1003 2165 prodigiosa

86 2181 237 2221 innumera
260 2164 315 2219 alia
332 2181 395 2218 cum
417 2164 514 2218 iisdem
539 2168 706 2233 perpetrant.
747 2161 852 2217 Ooncil.
874 2165 1001 2219 Trident.

87 2251 160 2290 sess.
182 2239 221 2290 13.
241 2250 265 2290 c.
284 2240 308 2291 5.
326 2250 386 2287 can.
400 2238 423 2287 6.
460 2231 561 2286 Omnia
579 2231 649 2285 haec
666 2232 745 2300 falsa,
764 2248 887 2300 erronea,
905 2251 938 2286 su
959 2250 999 2287 er-

86 2303 217 2370 stitiosa,
244 2303 345 2372 quibus
372 2306 543 2356 constantem
566 2300 637 2354 hanc
663 2308 691 2355 et
712 2300 852 2355 immotam
875 2251 1001 2372 reguiam

86 2371 270 2442 opponimus:
289 2378 468 2423 sacramenta
486 2378 566 2422 cntra
583 2387 663 2422 rarum
680 2369 724 2423 ccl
742 2371 880 2423 actionem
898 2370 1001 2424 diani-

86 2448 136 2494 ιω
155 2441 311 2494 institutam
329 2457 386 2493 aon
402 2446 466 2491 cant
483 2447 676 2506 camaracam
696 2439 824 2508 nuspiam
838 2439 911 2492 enim
924 2438 1001 2493 Chri·

86 2515 151 2564 stus
169 2507 251 2562 dixit:
270 2509 406 2577 reponite,
426 2506 479 2561 boc
497 2512 540 2561 est
553 2523 763 2575 corpusmeum,
781 2508 1002 2576 circumpectum,

87 2579 213 2632 adorate
237 2585 300 2644 cto,
323 2575 376 2630 hoc
393 2582 436 2630 est
453 2591 553 2644 corpus
571 2593 674 2640 meum,
694 2576 758 2630 sed:
777 2576 864 2640 edite,
887 2576 939 2628 boc
962 2583 1003 2628 cat

86 2664 140 2702 cor
161 2664 195 2698 cc
214 2663 311 2701 mcum.
349 2644 422 2708 Quid
442 2645 516 2714 quod
534 2643 577 2696 his
602 2643 669 2714 ipsis
688 2645 777 2698 forma
796 2643 1003 2698 sacramentalis

87 2721 120 2770 to
152 2720 206 2769 tur.
225 2715 258 2768 E.
277 2723 304 2768 et
322 2714 412 2783 ipsum
433 2719 634 2767 sacramentum
653 2712 784 2779 tolletur.)

87 2817 142 2883 30.
184 2815 321 2893 Quodsi
343 2841 415 2895 vera
438 2829 481 2879 eat
510 2817 685 2900 brry'uamodi
704 2820 777 2878 unio
799 2829 1003 2882 sacramenta-

89 2904 130 2966 Ic'a
146 2904 244 2986 panis
268 2913 296 2965 et
318 2904 466 2985 corporis,
489 2905 554 2963 nim
571 2913 598 2963 ct
618 2903 790 2984 conputruit,
814 2924 893 2964 anne
906 2903 1003 2986 panis

110 2998 156 3050 est
176 3009 287 3070 corpus
309 2985 434 3069 Christi,
453 2998 483 3073 *ct
503 2987 607 3058 uinum
629 2997 673 3049 eci
693 2988 820 3067 sarpeia
843 2984 981 3049 Clariatc‘?

175 3085 416 3176 Propositiones
444 3085 503 3149 bae
532 3084 665 3148 totidem
690 3084 819 3168 quidem
841 3085 946 3149 verbis
967 3085 1003 3149 in

89 3170 261 3256 Scriptura
292 3193 356 3234 non
379 3181 521 3247 exstant,
553 3181 723 3256 usurpatae
751 3182 858 3234 tamen
880 3179 955 3234 sunt
983 3194 1003 3234 a

88 3255 278 3320 doctoribus
301 3255 522 3320 ecclesiasticis
541 3255 582 3318 ad
601 3254 787 3341 mysterium
802 3255 929 3320 unionis
951 3279 1002 3320 sa-
