2250 3772
378 251 431 315 De
453 250 622 316 creatione.
896 251 960 317 219

86 406 151 490 quod
168 427 257 482 vestes
280 432 312 483 et
334 420 468 497 calceos,
490 420 598 483 cibum
619 442 656 483 ac
677 428 796 505 potum,
819 421 959 503 domum,

88 514 196 587 uxorem,
213 504 347 587 liberos,
371 527 482 591 agros,
500 506 661 588 jumenta,
683 517 714 568 et
736 506 843 569 omnia
864 505 959 590 bons,

87 599 139 644 cun
157 589 290 654 omnibus
312 589 396 653 vitae
418 589 619 673 necessariis,
649 589 778 675 copiose
800 602 832 655 et
853 590 960 673 quoti·

88 663 124 728 die
142 666 278 758 largitum
309 697 360 738 mc
383 687 494 738 contra
514 674 620 738 omnia
645 674 788 760 pericula
809 675 959 761 protegit,

86 759 108 811 et
123 753 153 817 ab
171 760 313 823 omnibus
335 759 427 823 malis
449 758 564 823 liberat
586 769 618 823 et
639 760 787 825 custodit.
821 761 866 824 Et
880 761 960 824 haec

86 839 161 905 omna
179 867 216 909 ex
236 865 325 908 mera
349 867 407 908 sue
428 855 560 944 paterna
580 867 617 908 ac
639 844 747 908 divina
763 845 905 909 bonitate
928 853 961 910 et

86 919 273 1014 misericordia,
297 929 365 993 sine
387 929 460 993 ull1s
482 930 562 994 meis
582 929 717 1015 meritis,
741 943 795 993 aut
820 930 886 994 ulla
910 930 960 993 di-

86 1007 184 1090 grinte
216 1037 275 1100 pro
303 1015 419 1097 quibus
448 1015 595 1078 omnibus
630 1014 677 1078 illi
706 1015 826 1099 gratias
854 1038 960 1101 agere,

86 1089 148 1171 ‚tiene
170 1122 223 1164 ore
252 1100 381 1163 laudem
411 1101 566 1185 tribuere,
597 1100 749 1164 inservire
772 1113 803 1163 et
825 1100 960 1183 obsequi

86 1180 162 1247 nerito
183 1185 294 1249 debeo.
336 1187 411 1248 Hoc
433 1186 608 1249 certissime
630 1208 741 1248 verum
760 1197 817 1250 est.

86 1311 96 1373 i·
125 1317 275 1396 Quaenam
309 1323 452 1397 beneficia
483 1323 516 1385 in
549 1323 751 1404 enpiicatione
781 1322 961 1385 cataclistica

256 1404 347 1482 lenius
369 1407 495 1469 anttmtt
519 1405 757 1471 enumerantur?

90 1579 95 1593 Ι
136 1504 207 1570 Duo
229 1506 440 1591 potissimum,
465 1507 492 1570 1.
514 1505 548 1568 in
567 1529 684 1592 genere
706 1507 745 1570 de
771 1529 878 1570 rerum
893 1530 961 1571 om-

86 1603 139 1650 lum
169 1594 328 1655 creatione.
386 1592 416 1656 2.
439 1591 491 1654 De
521 1595 719 1676 prouidentia
754 1590 820 1655 sive
854 1615 962 1654 rerum

86 1681 224 1739 natsmm
242 1675 493 1740 conservatione.

86 1785 108 1850 0·
135 1793 249 1871 Quibus
264 1796 364 1860 uerbis
380 1805 599 1858 enumerantur
615 1796 756 1866 beneficia
771 1795 961 1858 creationis?

135 1893 257 1981 Credo,
287 1895 374 1981 quod
409 1895 501 1959 Deus
532 1917 583 1958 me
614 1918 678 1959 uns
710 1917 783 1958 cum
811 1896 959 1960 omnibus

86 1980 200 2044 eamus
222 1981 350 2064 creavit,
368 2002 483 2066 corpus
499 1991 530 2044 et
545 1979 692 2064 animam,
717 1979 835 2066 oculos,
857 2004 959 2064 eures,

86 2077 88 2112 ³
119 2065 222 2129 omnia
255 2066 398 2129 membra
405 2115 413 2150 ‚
450 2064 607 2129 rationem
640 2077 671 2128 et
704 2087 813 2128 omnes
847 2088 959 2130 sensus

86 2139 126 2211 ihi
145 2150 242 2217 dedit.

214 2320 301 2384 DE
345 2318 792 2389 CREATIONE.

260 2457 286 2515 i·
334 2454 417 2533 Quid
437 2457 591 2540 eipnificat
617 2457 749 2520 creare?

132 2555 246 2618 Creone
267 2566 315 2619 est
338 2555 460 2639 aliquid
482 2578 522 2619 cx
542 2556 641 2620 nihilo
664 2556 763 2621 solius
785 2559 874 2622 verbi
890 2559 961 2641 jus-

86 2653 135 2702 )ne
157 2641 343 2724 producere.

117 2739 197 2804 [Dico
208 2741 348 2809 excitata,
366 2740 458 2808 idest,
475 2741 553 2794 nullu
575 2741 667 2795 omnia
686 2741 889 2810 praeexistente
902 2760 959 2797 ma·

86 2801 126 2862 ia.
158 2807 236 2872 Quae
248 2809 325 2863 verbi
339 2809 505 2880 significatio
518 2815 560 2864 est
571 2811 703 2878 primaria
719 2818 747 2864 et
758 2811 959 2892 propriissims3

86 2875 210 2931 tundario
233 2877 373 2948 significat
398 2878 481 2931 etiam
508 2880 705 2947 praeexistenti
725 2885 870 2946 materiae,
900 2880 959 2935 sinc

86 2953 140 2998 tren
165 2947 342 3014 alteratione,
368 2947 486 3000 formam
513 2965 547 3002 ex
570 2947 656 3001 nihilo
675 2956 796 3001 creatam
813 2949 954 3004 inducere.

86 3022 112 3063 lo
133 3011 186 3069 fine
204 3020 278 3070 recte
298 3018 495 3068 Damascenne
516 3017 597 3070 dicit:
624 3019 719 3069 Deum
742 3018 837 3069 ontnia
849 3019 959 3085 fecisse

99 3082 198 3151 aurito,
222 3085 283 3136 etia
309 3086 422 3152 quidem
447 3086 620 3153 immediate,
643 3086 706 3137 aiio
730 3086 860 3138 mediate.
896 3086 962 3142 Vid.

86 3160 183 3204 amase.
202 3152 236 3206 de
258 3153 364 3207 orthod.
382 3152 430 3206 fid.
449 3153 497 3208 lib.
509 3161 532 3208 2.
554 3171 577 3209 c.
588 3161 610 3208 5.
630 3171 657 3222 p.
669 3159 711 3209 80.
743 3153 820 3207 Sicut
840 3154 961 3224 primum

86 3227 135 3270 aos
153 3220 207 3275 sive
225 3220 370 3275 confusam
389 3222 511 3292 aliquam
524 3223 669 3277 materiam
681 3222 806 3275 condidit
820 3240 853 3277 ex
865 3224 960 3304 nihilo²

101 3281 153 3342 huc
170 3289 231 3358 ipsa
249 3290 380 3360 deinceps
393 3308 487 3346 omnes
499 3291 568 3345 alias
580 3298 720 3345 creaturas
735 3291 872 3347 formavit.
903 3293 962 3348 Ubr
