2250 3772
272 174 538 315 De‘Augusmna
562 230 771 297 confessione.
914 233 978 298 603
1035 194 1039 201 ι

365 348 632 462 anuscanae
652 402 681 464 J.

134 498 283 553 Eccleeiae
299 515 401 568 mapno
418 514 553 552 coneeneu
572 499 654 566 apud
669 516 721 552 noe
740 501 855 562 docent,
881 502 977 556 decre-

57 578 124 624 tum
147 568 273 622 Nicenae
300 567 404 635 epnodi
428 568 464 619 cle
490 567 599 620 unitate
626 567 762 621 eeeentiae
786 570 914 635 diuinae,
941 573 977 624 de

59 637 157 693 milae
170 637 319 706 pereonie,
337 653 446 702 uerum,
467 643 494 687 et
509 636 569 688 eine
585 636 649 689 ulla
668 636 843 691 dubitatione
861 641 978 692 creden-

62 709 135 762 dum
151 722 218 759 eece.
256 705 401 771 Videlicet,
422 705 499 774 quod
509 705 547 757 eit
563 722 622 757 una
637 706 759 758 eeeentia
780 706 887 789 diuina,
905 724 976 777 quae

61 782 91 831 et
145 774 276 843 pellatur
294 781 321 826 et
339 781 380 826 eet
398 775 479 826 Deue
497 781 644 841 aeternae,
662 774 854 844 incorporeae,
871 794 978 847 impar-

61 843 88 900 n·
130 843 168 911 ie,
185 844 320 896 immensa
333 842 479 922 potentia,
495 842 653 911 sapientia,
670 843 801 911 bonitate,
820 853 932 899 creator
951 854 978 899 et

60 919 246 967 coacervator
264 929 386 966 omnium
400 928 504 979 rerum,
525 911 679 965 visibilium
697 920 724 965 et
740 911 931 979 invicibilium,
952 922 979 968 et

62 989 159 1036 tannen
178 988 237 1034 tree
254 981 311 1033 eint
324 995 466 1049 perecnae
478 981 607 1048 ejueciem
621 981 768 1049 eeeentiae,
786 988 813 1034 et
821 983 977 1052 potentiae,

61 1058 91 1105 et
117 1055 300 1104 coaeternae:
324 1050 427 1116 Pater,
450 1048 546 1101 Filiae
570 1055 597 1100 et
624 1048 751 1115 Spiritue
772 1059 894 1105 canetae.
937 1053 978 1106 Et

61 1118 177 1173 nomine
189 1135 332 1186 perecnae
350 1124 467 1170 utuntur
487 1134 521 1169 ea
539 1116 754 1186 eipnificatione,
773 1136 830 1186 qua
848 1122 895 1173 uei
913 1128 979 1174 eant

60 1189 94 1241 in
117 1188 170 1240 leae
195 1204 282 1239 cauea
301 1186 463 1255 Scriptoree
486 1185 683 1251 eccleeiaetici,
705 1193 736 1237 ut
759 1187 898 1255 eipnificet
921 1208 978 1243 non

55 1264 176 1327 partem
193 1263 242 1308 aut
255 1255 420 1324 qualitatem
432 1255 462 1307 in
474 1254 543 1317 alio,
560 1255 613 1307 ecel
626 1256 704 1322 quod
712 1257 831 1323 proprie
843 1258 979 1312 eubeietit.

134 1326 285 1378 Damnant
320 1340 414 1377 omnee
439 1323 571 1376 liuereeee
599 1329 698 1376 contra
724 1323 798 1376 iimcc
825 1326 978 1379 articulum

62 1401 186 1462 exortae,
202 1400 235 1446 ut
245 1393 440 1459 Manichaeoe,
460 1392 510 1460 qai
528 1394 585 1445 duo
598 1391 748 1459 principia
760 1395 914 1463 ponebant,
931 1397 977 1447 bo·

61 1481 132 1516 num
149 1469 176 1515 et
193 1462 307 1518 malum.
336 1463 409 1515 Item
425 1460 647 1523 Valentinianae,
666 1462 803 1530 Arianae,
822 1463 978 1518 Eunomia-

60 1549 118 1584 noe
150 1532 380 1599 Mulometietae,
399 1537 426 1583 et
445 1546 539 1582 aranee
559 1530 659 1583 lterum
676 1530 789 1584 amice
829 1535 978 1587 Damnant

60 1608 91 1654 et
115 1571 325 1668 &umoemenoa
344 1607 450 1653 ueteree
470 1606 496 1651 et
514 1600 681 1667 neotericae,
697 1600 766 1667 faui,
791 1617 852 1653 etun
870 1609 978 1655 tantum

60 1687 151 1722 anam
170 1685 326 1737 pereonam
349 1685 408 1721 eeee
432 1669 616 1735 contendant,
642 1669 684 1726 cle¹
704 1669 788 1721 aerbo
817 1677 845 1723 et
872 1672 978 1739 epiritu

62 1745 158 1791 aetate
180 1746 206 1790 et
228 1737 314 1805 impie
339 1735 563 1803 rhetoricantur,
590 1738 667 1804 quod
689 1754 746 1789 nan
763 1737 821 1789 eint
833 1756 977 1806 pereonae

63 1806 225 1870 dietinctae
246 1808 299 1859 ced
318 1807 395 1875 quod
411 1806 524 1858 uerbum
541 1805 680 1872 eipnificet
697 1806 810 1859 uerbum
825 1809 930 1877 vocale,
950 1816 976 1861 et

62 1875 186 1944 epiritue
204 1882 308 1928 motum
327 1876 357 1927 in
374 1874 456 1927 rebue
475 1880 608 1926 creatum.

356 1982 619 2057 ARTICULUS
638 1995 687 2056 ΙΙ.

133 2095 216 2147 Idem
233 2094 346 2160 docent,
371 2093 449 2160 quaet
462 2098 529 2160 poet
546 2091 659 2160 lapeum
675 2091 760 2145 Adae
778 2108 873 2146 omnee
889 2093 977 2147 homi·

59 2179 113 2217 nee
131 2163 285 2215 iocundum
296 2169 428 2213 naturam
437 2161 598 2229 propapati
607 2168 762 2214 naecantur
773 2178 835 2215 cum
848 2171 977 2232 peccato,

61 2233 117 2287 lucc
134 2239 184 2299 eet,
202 2231 262 2283 eine
280 2238 353 2282 maa
371 2231 444 2292 Dei,
463 2229 524 2281 eine
540 2230 650 2292 fiducia
668 2247 737 2299 erpa
754 2232 849 2285 Deum
869 2240 896 2284 et
914 2249 978 2286 cum

61 2300 304 2369 canetcpiecentia,
328 2301 457 2367 quocum
478 2298 525 2351 tic
542 2299 655 2352 mariue
672 2317 723 2352 eeu
740 2301 837 2352 uitium
856 2302 977 2370 oripinie

60 2384 129 2424 aere
156 2368 194 2421 eit
215 2374 378 2436 peccatum,
408 2369 547 2420 darnuane
572 2375 598 2421 et
624 2370 747 2438 afferene
768 2386 843 2422 nunc
869 2386 977 2438 quoque

60 2446 208 2492 aeternam
224 2444 341 2490 mortem
366 2437 424 2505 iiie,
449 2437 500 2506 qui
515 2454 571 2490 non
590 2445 777 2490 renaecuntur
795 2455 853 2506 per
873 2439 979 2506 baptis-

48 2523 139 2561 ·mum
155 2514 182 2559 ct
202 2506 341 2574 Spiritum
358 2513 494 2560 eanctum.

133 2576 282 2627 Damnant
299 2574 489 2642 Pelopianae,
512 2581 539 2625 et
558 2573 648 2642 aliae,
673 2574 838 2643 quiritium
857 2575 977 2641 oripinie

60 2652 169 2713 nepant
189 2660 246 2696 eeee
260 2651 418 2711 peccatum,
436 2649 463 2695 et
481 2648 512 2695 ut
531 2650 676 2695 extenuent
698 2643 822 2712 pluriam
840 2644 936 2697 meriti
952 2652 979 2697 et

58 2713 260 2781 beneficiorum
274 2709 388 2779 Christi,
406 2711 562 2778 dieputant,
581 2711 718 2764 hominem
728 2712 857 2781 propriie
870 2713 978 2766 uiribus

58 2781 186 2836 rationie
204 2799 300 2835 coram
316 2785 378 2834 Deo
392 2778 553 2849 juetiflcari
566 2795 661 2846 poeee.

344 2916 610 2983 ARTICULUS
631 2918 699 2985 ΙΙΙ.

134 3020 217 3071 Idem
236 3018 344 3085 elocent,
364 3019 441 3085 quod
456 3017 578 3084 uerbum,
595 3017 647 3070 lice
665 3024 715 3083 eet,
735 3017 830 3071 hiliae
847 3018 913 3081 Dei,
932 3035 978 3071 ae-

60 3088 216 3156 eumpeerit
232 3087 383 3139 humanam
400 3094 532 3139 naturam
560 3086 590 3138 in
608 3093 688 3138 utero
705 3086 742 3138 B.
757 3086 874 3139 Mariae
890 3087 977 3156 cirpi-

61 3157 171 3224 nie„ut
187 3157 244 3209 eint
261 3156 336 3208 duae
352 3163 487 3223 naturae,
508 3153 607 3207 diuina
624 3162 649 3207 ct
667 3155 803 3222 humano,
822 3155 852 3208 in
869 3156 978 3209 unitate

85 3240 203 3278 areanae
221 3224 452 3293 ineeparabiliter
471 3223 645 3291 conjunctae,
663 3241 736 3275 unae
757 3223 896 3292 Chrietue,
915 3241 979 3278 ecre

95 3310 153 3362 eae,
171 3300 197 3346 et
213 3309 277 3346 uere
295 3293 386 3361 loma,
401 3299 484 3345 natue
494 3308 527 3345 en
538 3292 646 3359 cirpine
658 3292 768 3360 Maria,
783 3308 847 3346 vere
860 3309 976 3362 paeeue,
