2250 3772
309 239 494 333 Secundum
515 253 731 326 praeceptum.
797 278 800 283 ·
935 241 975 304 73

98 411 140 459 eta.
169 407 255 464 Omnia
278 410 352 465 enim
374 409 429 464 ista
453 413 604 480 praecepta
630 413 658 461 et
681 409 808 477 exempla
825 408 977 530 loguuntur

99 473 127 526 de
140 474 210 545 idolis,
227 494 298 549 quae
315 479 352 532 ad
368 479 475 532 cultum
493 482 636 547 prostant,
655 476 762 530 nullum
775 494 840 532 vero
875 496 890 532 e
907 478 974 530 ima·

10 550 12 559 '
97 542 183 612 ginibns
196 545 244 602 hae
263 547 341 602 cultu
359 554 387 602 et
405 547 496 601 abusu
510 546 612 600 vacuis.
644 545 698 598 Illa
713 552 740 600 et
749 563 800 599 nos
810 546 975 616 abroganda

97 626 231 678 conannas
241 615 292 671 has
308 632 374 670 vero
390 615 477 671 libere
491 615 651 670 retinemus.
681 614 734 667 Est
751 617 823 668 enim
844 613 975 669 elenchus
1001 621 1004 630 ’

97 690 213 750 conparat.
231 683 348 754 parium.
374 687 455 754 Erpa
472 685 570 738 pitiana
583 699 669 749 ornne,
688 692 828 737 asserente
840 685 975 748 Lethaeo,

97 764 154 817 supr.
174 752 248 825 alleg.
273 754 326 808 loe.
350 753 380 806 in
407 769 431 809 c.
454 759 477 808 1.
497 752 581 808 Mieh.
601 756 620 804 t.
638 759 663 808 4.
687 752 764 807 latin.
782 751 801 807 f.
821 759 870 807 535
891 770 915 821 a,
943 753 974 804 tn

96 817 230 875 adoratione
251 830 278 875 et
290 822 374 888 saltn,
394 822 445 890 qai
456 839 512 874 non
525 821 612 889 lipno,
631 839 687 874 non
704 821 806 890 lapidi,
825 840 882 874 non
894 839 974 890 anre,

94 901 138 938 aen
149 898 260 958 arpenta,
278 892 331 944 sed
347 893 412 944 Deo
431 890 575 944 conditori
586 891 717 957 (lebetam
736 892 869 944 adoratio
887 891 976 957 ipitur

93 953 188 1026 tiabat
198 968 293 1028 potest
307 960 467 1028 incepissem,
486 959 560 1012 sient
575 960 724 1012 literarum
738 976 805 1011 assas
818 976 884 1023 esse,
903 975 975 1027 qnae

94 1022 213 1080 Maereat
223 1046 276 1082 nes
293 1046 398 1097 rerum,
411 1037 437 1081 et
453 1045 500 1081 res
512 1029 594 1095 qnasi
601 1035 822 1096 repraesentant.
842 1028 897 1081 vid.
910 1029 975 1093 loe.)

10 1172 14 1215 ς
92 1139 131 1204 42.
161 1147 250 1211 Unum
275 1149 376 1212 adhue
398 1170 543 1233 quaerere
564 1149 651 1212 tibet:
685 1148 789 1211 diaetae
811 1149 974 1232 inspirent

10 1268 13 1307 :
122 1226 173 1294 De·
187 1233 294 1297 Patras
316 1246 344 1296 et
364 1234 443 1296 Fr'tr't
462 1244 489 1295 et
514 1234 598 1316 Sper.
620 1235 721 1296 saneti
741 1233 925 1316 depinpere?

90 1406 98 1421 .
154 1325 240 1397 Deus¹
258 1334 293 1397 in
314 1333 451 1398 essentia
472 1343 504 1396 et
525 1342 638 1397 natura
659 1354 727 1408 sua,
750 1332 826 1416 quia
845 1333 974 1418 spiritus

90 1411 229 1482 mvisibilis
252 1431 284 1482 et
305 1418 447 1483 infinitus
464 1428 520 1499 est,
538 1418 725 1493 101124.
761 1418 854 1483 Rana.
872 1420 901 1495 1,
922 1419 973 1484 20.

10 1530 12 1537 ·
90 1494 176 1586 effingi
196 1513 250 1567 aut
273 1504 405 1589 depingi
426 1525 486 1567 nee
501 1502 598 1591 debet
612 1523 672 1565 nee
687 1511 809 1587 potest,
831 1505 926 1568 Dent.
942 1512 973 1579 4,

90 1580 258 1655 14.15.16.
282 1590 332 1654 17.
376 1591 458 1654 Eser.
479 1589 539 1663 40,
563 1588 612 1654 18.
664 1585 752 1667 Quia
778 1609 854 1651 vero
880 1587 972 1652 Deus

10 1682 16 1739 L
87 1675 159 1749 pater
173 1677 293 1757 antiqui
315 1677 433 1738 dierum
453 1672 604 1757 imagine,
627 1673 755 1736 Daniel.
778 1675 807 1749 7,
831 1673 860 1748 9,
882 1673 973 1736 item-

10 1786 14 1795 ’
88 1770 138 1832 que
153 1760 206 1821 uin'
224 1761 386 1834 insidentis
408 1757 500 1833 solio,
522 1759 598 1822 Esa.
622 1758 704 1833 6,.1,
728 1779 762 1820 se
783 1757 975 1821 manefesta-

88 1835 137 1912 vitt
163 1839 298 1941 Spiritus
327 1854 455 1906 sanctus
488 1863 563 1906 vero
594 1841 628 1903 in
663 1843 770 1926 specie
806 1842 973 1906 columbae

85 1937 226 2006 appa-ut,
256 1927 373 1990 Mettis.
396 1929 426 2004 3,
450 1929 500 2003 16,
528 1926 596 1989 sine
620 1926 783 2011 impietate
805 1926 872 1989 ulla
893 1927 972 1990 tales

82 2010 275 2092 apparitiones
296 2012 472 2097 depingere
493 2011 611 2076 licebit.

78 2124 123 2190 43.
161 2128 241 2207 Quid
259 2152 331 2193 aero
353 2132 390 2193 de
409 2132 543 2214 imape'ae
558 2129 677 2192 Clara'ste'
695 2131 836 2212 erneifiei
855 2132 974 2205 statuis,

240 2237 320 2279 anne
339 2227 366 2279 et
388 2218 493 2278 eadem
515 2215 708 2297 depinpenda
730 2213 794 2276 est?

150 2311 292 2394 Quidni?
328 2325 376 2378 est
397 2314 483 2378 enim
499 2312 646 2379 Christus
669 2336 762 2377 verus
785 2314 890 2380 homo.
933 2315 973 2380 In

68 2410 225 2483 assumpta
245 2398 345 2486 igitur
364 2399 504 2462 humana
525 2409 639 2463 natura
661 2399 793 2485 depingi
810 2411 924 2485 potest.

133 2501 232 2570 (Nate
249 2500 295 2554 hie
315 2501 420 2567 ebant,
440 2500 514 2571 quod
534 2498 587 2563 hae
605 2499 712 2554 ratione
730 2515 786 2553 non
804 2505 879 2554 totus
898 2499 975 2554 chri-

61 2575 122 2624 stus
146 2569 333 2643 θεάνθρωπος
361 2568 546 2639 depingatur,
574 2564 637 2621 eum
663 2567 758 2623 divina
779 2569 839 2638 ejus
864 2576 974 2638 natura,

59 2654 132 2710 quae
149 2637 306 2707 invisibilis,
326 2637 408 2707 depin
433 2637 514 2690 'nan
554 2637 636 2705 assit,
662 2654 733 2706 quae
753 2637 919 2693 Nestoriana
938 2638 978 2691 sit

56 2714 222 2763 naturarum
238 2705 365 2761 divuhia.
425 2707 494 2761 ntr'.
542 2707 582 2758 id.
603 2707 712 2760 Catten-
752 2712 819 2762 .·83.
853 2707 883 2761 Si
901 2706 975 2760 enim

53 2777 110 2832 hae
129 2781 306 2847 sequeretur,
330 2781 390 2829 tum
409 2722 560 2828 necdromo
579 2774 719 2854 depingen
740 2791 773 2827 us
795 2781 883 2842 esset3
909 2774 976 2845 quia

52 2851 170 2901 tantum
187 2845 300 2898 videtur
311 2860 420 2914 eorpus,
437 2859 494 2895 non
506 2860 571 2898 vero
584 2860 683 2896 amma.
712 2843 817 2898 Verum
828 2842 881 2896 hoa
891 2842 975 2897 valde

50 2914 210 2971 ridiculum
229 2918 279 2968 est
316 2912 393 2983 Erga
410 2917 438 2966 et
454 2912 543 2978 illud.)
598 2982 600 2987 Ι

109 3047 454 3116 SECUNDUM
495 3046 920 3113 PRAE'OEPTUM.

143 3169 199 3235 44.
239 3166 405 3246 Quodnam
426 3180 470 3232 est
492 3171 656 3232 seeundum
665 3165 890 3252 praeceptura?

113 3267 200 3334 Non
219 3290 363 3333 assumes
383 3289 501 3332 namen
518 3268 640 3333 domini
661 3267 726 3363 Dei
741 3266 788 3332 tui
801 3267 835 3331 in
848 3290 973 3333 vanum.
