<?xml version="1.0" encoding="UTF-8"?>
<!DOCTYPE html PUBLIC "-//W3C//DTD XHTML 1.0 Transitional//EN"
    "http://www.w3.org/TR/xhtml1/DTD/xhtml1-transitional.dtd">
<html xmlns="http://www.w3.org/1999/xhtml" xml:lang="en" lang="en">
 <head>
  <title>
</title>
<meta http-equiv="Content-Type" content="text/html;charset=utf-8" />
  <meta name='ocr-system' content='tesseract 3.04.00' />
  <meta name='ocr-capabilities' content='ocr_page ocr_carea ocr_par ocr_line ocrx_word'/>
</head>
<body>
  <div class='ocr_page' id='page_1' title='image "./dconradidieteri00dietgoog_0456.png"; bbox 0 0 2250 3772; ppageno 0'>
   <div class='ocr_carea' id='block_1_1' title="bbox 299 200 992 313">
    <p class='ocr_par' dir='ltr' id='par_1_1' title="bbox 299 200 992 313">
     <span class='ocr_line' id='line_1_1' title="bbox 299 200 992 313; baseline -0.003 -20"><span class='ocrx_word' id='word_1_1' title='bbox 299 229 351 293; x_wconf 88' lang='lat' dir='ltr'><strong>De</strong></span> <span class='ocrx_word' id='word_1_2' title='bbox 372 228 496 292; x_wconf 91' lang='lat' dir='ltr'><strong>inferno</strong></span> <span class='ocrx_word' id='word_1_3' title='bbox 519 239 550 291; x_wconf 87' lang='lat' dir='ltr'><strong>et</strong></span> <span class='ocrx_word' id='word_1_4' title='bbox 571 216 769 313; x_wconf 56' lang='lat' dir='ltr'><strong>purgatoria}</strong></span> <span class='ocrx_word' id='word_1_5' title='bbox 900 200 992 293; x_wconf 62' lang='lat'><strong>³425</strong></span> 
     </span>
    </p>
   </div>
   <div class='ocr_carea' id='block_1_2' title="bbox 70 395 992 811">
    <p class='ocr_par' dir='ltr' id='par_1_2' title="bbox 70 395 992 811">
     <span class='ocr_line' id='line_1_2' title="bbox 70 395 992 467; baseline 0.003 -18"><span class='ocrx_word' id='word_1_6' title='bbox 70 403 186 463; x_wconf 66' lang='lat' dir='ltr'><strong>maneo</strong></span> <span class='ocrx_word' id='word_1_7' title='bbox 207 396 323 466; x_wconf 78' lang='lat' dir='ltr'><strong>pravius</strong></span> <span class='ocrx_word' id='word_1_8' title='bbox 348 397 464 467; x_wconf 72' lang='lat' dir='ltr'><strong>qouque</strong></span> <span class='ocrx_word' id='word_1_9' title='bbox 511 397 624 453; x_wconf 78' lang='lat' dir='ltr'><strong>cecavit.</strong></span> <span class='ocrx_word' id='word_1_10' title='bbox 667 396 714 449; x_wconf 86' lang='lat' dir='ltr'><strong>Au</strong></span> <span class='ocrx_word' id='word_1_11' title='bbox 734 395 817 449; x_wconf 76' lang='lat' dir='ltr'><strong>untia.</strong></span> <span class='ocrx_word' id='word_1_12' title='bbox 838 395 886 452; x_wconf 92' lang='lat' dir='ltr'><strong>lib.</strong></span> <span class='ocrx_word' id='word_1_13' title='bbox 907 402 929 452; x_wconf 85' lang='lat'><strong>1.</strong></span> <span class='ocrx_word' id='word_1_14' title='bbox 955 396 992 452; x_wconf 83' lang='lat' dir='ltr'><strong>dc</strong></span> 
     </span>
     <span class='ocr_line' id='line_1_3' title="bbox 70 464 988 533; baseline 0.002 -16"><span class='ocrx_word' id='word_1_15' title='bbox 70 478 160 533; x_wconf 78' lang='lat' dir='ltr'><strong>pecc.</strong></span> <span class='ocrx_word' id='word_1_16' title='bbox 178 482 241 519; x_wconf 86' lang='lat' dir='ltr'><strong>mer.</strong></span> <span class='ocrx_word' id='word_1_17' title='bbox 260 482 284 519; x_wconf 86' lang='lat' dir='ltr'><strong>c.</strong></span> <span class='ocrx_word' id='word_1_18' title='bbox 306 471 345 521; x_wconf 82' lang='lat'><strong>12.</strong></span> <span class='ocrx_word' id='word_1_19' title='bbox 369 471 389 519; x_wconf 90' lang='lat' dir='ltr'><strong>t.</strong></span> <span class='ocrx_word' id='word_1_20' title='bbox 409 474 500 519; x_wconf 62' lang='lat' dir='ltr'><strong>hoo.</strong></span> <span class='ocrx_word' id='word_1_21' title='bbox 521 472 578 521; x_wconf 86' lang='grc'><strong>661.</strong></span> <span class='ocrx_word' id='word_1_22' title='bbox 596 465 629 519; x_wconf 92' lang='lat' dir='ltr'><strong>B.</strong></span> <span class='ocrx_word' id='word_1_23' title='bbox 668 464 705 520; x_wconf 91' lang='lat' dir='ltr'><strong>Vi</strong></span> <span class='ocrx_word' id='word_1_24' title='bbox 728 464 800 521; x_wconf 80' lang='lat' dir='ltr'><strong>‚lib.</strong></span> <span class='ocrx_word' id='word_1_25' title='bbox 821 470 845 520; x_wconf 84' lang='lat'><strong>4.</strong></span> <span class='ocrx_word' id='word_1_26' title='bbox 865 465 956 521; x_wconf 86' lang='lat' dir='ltr'><strong>deba</strong></span> <span class='ocrx_word' id='word_1_27' title='bbox 976 495 988 507; x_wconf 90' lang='lat'><strong>·</strong></span> 
     </span>
     <span class='ocr_line' id='line_1_4' title="bbox 70 531 990 590; baseline 0.002 -4"><span class='ocrx_word' id='word_1_28' title='bbox 70 531 157 590; x_wconf 75' lang='lat' dir='ltr'><strong>ism.</strong></span> <span class='ocrx_word' id='word_1_29' title='bbox 175 538 239 587; x_wconf 91' lang='lat' dir='ltr'><strong>cont</strong></span> <span class='ocrx_word' id='word_1_30' title='bbox 267 534 369 588; x_wconf 83' lang='lat' dir='ltr'><strong>Donat.</strong></span> <span class='ocrx_word' id='word_1_31' title='bbox 390 552 413 588; x_wconf 89' lang='lat' dir='ltr'><strong>c.</strong></span> <span class='ocrx_word' id='word_1_32' title='bbox 435 541 474 588; x_wconf 88' lang='grc'><strong>19.</strong></span> <span class='ocrx_word' id='word_1_33' title='bbox 495 539 515 587; x_wconf 92' lang='lat' dir='ltr'><strong>t.</strong></span> <span class='ocrx_word' id='word_1_34' title='bbox 536 543 560 590; x_wconf 83' lang='lat'><strong>7.</strong></span> <span class='ocrx_word' id='word_1_35' title='bbox 583 534 635 588; x_wconf 91' lang='lat' dir='ltr'><strong>col.</strong></span> <span class='ocrx_word' id='word_1_36' title='bbox 655 540 712 589; x_wconf 84' lang='grc'>430.</span> <span class='ocrx_word' id='word_1_37' title='bbox 731 533 765 588; x_wconf 86' lang='grc' dir='ltr'><strong>Α.</strong></span> <span class='ocrx_word' id='word_1_38' title='bbox 807 534 918 588; x_wconf 65' lang='lat' dir='ltr'><strong>Ervum</strong></span> <span class='ocrx_word' id='word_1_39' title='bbox 960 553 990 588; x_wconf 90' lang='lat' dir='ltr'><strong>o-</strong></span> 
     </span>
     <span class='ocr_line' id='line_1_5' title="bbox 70 600 988 673; baseline 0.005 -20"><span class='ocrx_word' id='word_1_40' title='bbox 70 600 262 671; x_wconf 76' lang='lat' dir='ltr'><strong>sim’am’stac,</strong></span> <span class='ocrx_word' id='word_1_41' title='bbox 284 604 333 673; x_wconf 89' lang='lat' dir='ltr'><strong>qui</strong></span> <span class='ocrx_word' id='word_1_42' title='bbox 350 620 445 658; x_wconf 88' lang='lat' dir='ltr'><strong>omnes</strong></span> <span class='ocrx_word' id='word_1_43' title='bbox 465 611 637 673; x_wconf 77' lang='lat' dir='ltr'>peccatores,</span> <span class='ocrx_word' id='word_1_44' title='bbox 662 604 812 671; x_wconf 71' lang='lat' dir='ltr'><strong>Aapaatin.</strong></span> <span class='ocrx_word' id='word_1_45' title='bbox 835 600 906 657; x_wconf 72' lang='lat' dir='ltr'><strong>teste</strong></span> <span class='ocrx_word' id='word_1_46' title='bbox 925 603 988 660; x_wconf 91' lang='lat' dir='ltr'><strong>libr.</strong></span> 
     </span>
     <span class='ocr_line' id='line_1_6' title="bbox 70 668 989 741; baseline 0.008 -21"><span class='ocrx_word' id='word_1_47' title='bbox 70 668 105 721; x_wconf 83' lang='lat' dir='ltr'><strong>ie</strong></span> <span class='ocrx_word' id='word_1_48' title='bbox 134 671 240 725; x_wconf 82' lang='lat' dir='ltr'><strong>haeres.</strong></span> <span class='ocrx_word' id='word_1_49' title='bbox 261 673 298 726; x_wconf 90' lang='lat' dir='ltr'><strong>ad</strong></span> <span class='ocrx_word' id='word_1_50' title='bbox 311 671 463 736; x_wconf 82' lang='lat' dir='ltr'><strong>Quod-vult</strong></span> <span class='ocrx_word' id='word_1_51' title='bbox 475 672 567 726; x_wconf 88' lang='lat' dir='ltr'><strong>Deum</strong></span> <span class='ocrx_word' id='word_1_52' title='bbox 586 672 693 725; x_wconf 80' lang='lat' dir='ltr'><strong>haeres.</strong></span> <span class='ocrx_word' id='word_1_53' title='bbox 706 677 746 726; x_wconf 78' lang='lat'><strong>82.</strong></span> <span class='ocrx_word' id='word_1_54' title='bbox 761 676 780 724; x_wconf 89' lang='lat' dir='ltr'><strong>t.</strong></span> <span class='ocrx_word' id='word_1_55' title='bbox 794 677 819 728; x_wconf 84' lang='grc'><strong>6.</strong></span> <span class='ocrx_word' id='word_1_56' title='bbox 837 672 887 726; x_wconf 91' lang='lat' dir='ltr'><strong>col.</strong></span> <span class='ocrx_word' id='word_1_57' title='bbox 901 679 942 727; x_wconf 85' lang='lat'><strong>30.</strong></span> <span class='ocrx_word' id='word_1_58' title='bbox 954 671 989 741; x_wconf 83' lang='lat' dir='ltr'><strong>O,</strong></span> 
     </span>
     <span class='ocr_line' id='line_1_7' title="bbox 70 739 783 811; baseline 0 -16"><span class='ocrx_word' id='word_1_59' title='bbox 70 752 164 807; x_wconf 60' lang='lat' dir='ltr'><strong>‚sares</strong></span> <span class='ocrx_word' id='word_1_60' title='bbox 181 739 240 795; x_wconf 86' lang='lat' dir='ltr'><strong>fore</strong></span> <span class='ocrx_word' id='word_1_61' title='bbox 258 741 287 794; x_wconf 92' lang='lat' dir='ltr'><strong>in</strong></span> <span class='ocrx_word' id='word_1_62' title='bbox 305 742 427 811; x_wconf 85' lang='lat' dir='ltr'><strong>peccatis</strong></span> <span class='ocrx_word' id='word_1_63' title='bbox 448 750 475 796; x_wconf 87' lang='lat' dir='ltr'><strong>et</strong></span> <span class='ocrx_word' id='word_1_64' title='bbox 492 741 588 810; x_wconf 89' lang='lat' dir='ltr'><strong>poenis</strong></span> <span class='ocrx_word' id='word_1_65' title='bbox 609 744 783 807; x_wconf 79' lang='lat' dir='ltr'><strong>statuerunt.)</strong></span> 
     </span>
    </p>
   </div>
   <div class='ocr_carea' id='block_1_3' title="bbox 70 886 990 1065">
    <p class='ocr_par' dir='ltr' id='par_1_3' title="bbox 70 886 990 1065">
     <span class='ocr_line' id='line_1_8' title="bbox 70 886 990 978; baseline 0.003 -23"><span class='ocrx_word' id='word_1_66' title='bbox 70 886 95 955; x_wconf 72' lang='grc'><strong>5.</strong></span> <span class='ocrx_word' id='word_1_67' title='bbox 157 892 245 973; x_wconf 81' lang='lat' dir='ltr'><strong>Quod</strong></span> <span class='ocrx_word' id='word_1_68' title='bbox 271 898 300 958; x_wconf 81' lang='lat' dir='ltr'><strong>ei</strong></span> <span class='ocrx_word' id='word_1_69' title='bbox 327 897 463 959; x_wconf 76' lang='lat' dir='ltr'><strong>distincti</strong></span> <span class='ocrx_word' id='word_1_70' title='bbox 489 910 559 958; x_wconf 70' lang='lat' dir='ltr'><strong>tutet</strong></span> <span class='ocrx_word' id='word_1_71' title='bbox 589 919 763 978; x_wconf 80' lang='lat' dir='ltr'><strong>poenorum</strong></span> <span class='ocrx_word' id='word_1_72' title='bbox 790 897 990 977; x_wconf 74' lang='lat' dir='ltr'><em>infernalium</em></span> 
     </span>
     <span class='ocr_line' id='line_1_9' title="bbox 70 979 990 1065; baseline 0.001 -24"><span class='ocrx_word' id='word_1_73' title='bbox 70 982 206 1062; x_wconf 62' lang='lat' dir='ltr'><strong>prades,</strong></span> <span class='ocrx_word' id='word_1_74' title='bbox 223 1002 302 1042; x_wconf 75' lang='lat' dir='ltr'><strong>autre</strong></span> <span class='ocrx_word' id='word_1_75' title='bbox 317 987 408 1043; x_wconf 72' lang='lat' dir='ltr'><strong>ctiam</strong></span> <span class='ocrx_word' id='word_1_76' title='bbox 428 980 650 1065; x_wconf 81' lang='lat' dir='ltr'><strong>purgatorium</strong></span> <span class='ocrx_word' id='word_1_77' title='bbox 665 983 859 1044; x_wconf 77' lang='lat' dir='ltr'><strong>statuendum</strong></span> <span class='ocrx_word' id='word_1_78' title='bbox 867 979 990 1065; x_wconf 74' lang='lat' dir='ltr'><strong>fuerit?</strong></span> 
     </span>
    </p>
   </div>
   <div class='ocr_carea' id='block_1_4' title="bbox 70 1096 1000 1778">
    <p class='ocr_par' dir='ltr' id='par_1_4' title="bbox 70 1096 1000 1778">
     <span class='ocr_line' id='line_1_10' title="bbox 163 1096 990 1184; baseline 0.001 -24"><span class='ocrx_word' id='word_1_79' title='bbox 163 1096 391 1183; x_wconf 85' lang='lat' dir='ltr'><strong>Purgatorium</strong></span> <span class='ocrx_word' id='word_1_80' title='bbox 421 1122 538 1184; x_wconf 91' lang='lat' dir='ltr'><strong>purum</strong></span> <span class='ocrx_word' id='word_1_81' title='bbox 569 1112 682 1184; x_wconf 90' lang='lat' dir='ltr'><strong>putum</strong></span> <span class='ocrx_word' id='word_1_82' title='bbox 723 1108 771 1161; x_wconf 86' lang='lat' dir='ltr'><strong>est</strong></span> <span class='ocrx_word' id='word_1_83' title='bbox 801 1099 990 1183; x_wconf 84' lang='lat' dir='ltr'><strong>figmentum</strong></span> 
     </span>
     <span class='ocr_line' id='line_1_11' title="bbox 70 1181 989 1274; baseline 0.002 -30"><span class='ocrx_word' id='word_1_84' title='bbox 70 1181 254 1274; x_wconf 47' lang='lat' dir='ltr'><strong>poeticum,</strong></span> <span class='ocrx_word' id='word_1_85' title='bbox 285 1205 325 1247; x_wconf 86' lang='lat' dir='ltr'><strong>ss.</strong></span> <span class='ocrx_word' id='word_1_86' title='bbox 348 1182 531 1268; x_wconf 79' lang='lat' dir='ltr'><strong>Scripturas</strong></span> <span class='ocrx_word' id='word_1_87' title='bbox 558 1185 652 1270; x_wconf 90' lang='lat' dir='ltr'><strong>plane</strong></span> <span class='ocrx_word' id='word_1_88' title='bbox 680 1182 887 1268; x_wconf 86' lang='lat' dir='ltr'><strong>incognitum.</strong></span> <span class='ocrx_word' id='word_1_89' title='bbox 937 1185 989 1247; x_wconf 84' lang='lat' dir='ltr'><strong>Ea</strong></span> 
     </span>
     <span class='ocr_line' id='line_1_12' title="bbox 70 1266 989 1344; baseline 0.003 -15"><span class='ocrx_word' id='word_1_90' title='bbox 70 1266 237 1344; x_wconf 82' lang='lat' dir='ltr'><strong>nquidem</strong></span> <span class='ocrx_word' id='word_1_91' title='bbox 264 1267 400 1332; x_wconf 88' lang='lat' dir='ltr'><strong>duorum</strong></span> <span class='ocrx_word' id='word_1_92' title='bbox 435 1281 557 1332; x_wconf 85' lang='lat' dir='ltr'><strong>tantum</strong></span> <span class='ocrx_word' id='word_1_93' title='bbox 589 1268 733 1332; x_wconf 87' lang='lat' dir='ltr'><strong>meminit</strong></span> <span class='ocrx_word' id='word_1_94' title='bbox 758 1269 919 1343; x_wconf 90' lang='lat' dir='ltr'><strong>locorum,</strong></span> <span class='ocrx_word' id='word_1_95' title='bbox 954 1269 989 1331; x_wconf 91' lang='lat' dir='ltr'><strong>in</strong></span> 
     </span>
     <span class='ocr_line' id='line_1_13' title="bbox 70 1352 986 1430; baseline 0.008 -21"><span class='ocrx_word' id='word_1_96' title='bbox 70 1366 161 1427; x_wconf 76' lang='lat' dir='ltr'><strong>luae</strong></span> <span class='ocrx_word' id='word_1_97' title='bbox 180 1352 303 1416; x_wconf 82' lang='lat' dir='ltr'><strong>animae</strong></span> <span class='ocrx_word' id='word_1_98' title='bbox 319 1353 556 1418; x_wconf 88' lang='lat' dir='ltr'><strong>demortuorum</strong></span> <span class='ocrx_word' id='word_1_99' title='bbox 571 1354 812 1430; x_wconf 85' lang='lat' dir='ltr'><strong>transferuntur,</strong></span> <span class='ocrx_word' id='word_1_100' title='bbox 834 1356 910 1418; x_wconf 80' lang='lat' dir='ltr'><strong>coeli</strong></span> <span class='ocrx_word' id='word_1_101' title='bbox 923 1354 986 1418; x_wconf 80' lang='lat' dir='ltr'><strong>scil.</strong></span> 
     </span>
     <span class='ocr_line' id='line_1_14' title="bbox 70 1438 995 1523; baseline 0.005 -28"><span class='ocrx_word' id='word_1_102' title='bbox 70 1440 93 1492; x_wconf 69' lang='lat' dir='ltr'><strong>rt</strong></span> <span class='ocrx_word' id='word_1_103' title='bbox 122 1440 250 1520; x_wconf 64' lang='lat' dir='ltr'><strong>ansermi.</strong></span> <span class='ocrx_word' id='word_1_104' title='bbox 299 1438 437 1503; x_wconf 83' lang='lat' dir='ltr'><strong>Animae</strong></span> <span class='ocrx_word' id='word_1_105' title='bbox 467 1439 638 1523; x_wconf 88' lang='lat' dir='ltr'><strong>impiorum</strong></span> <span class='ocrx_word' id='word_1_106' title='bbox 666 1439 808 1502; x_wconf 87' lang='lat' dir='ltr'><strong>viventes</strong></span> <span class='ocrx_word' id='word_1_107' title='bbox 838 1441 870 1501; x_wconf 81' lang='lat' dir='ltr'><strong>ia</strong></span> <span class='ocrx_word' id='word_1_108' title='bbox 892 1440 995 1523; x_wconf 51' lang='lat' dir='ltr'><strong>infer-¹</strong></span> 
     </span>
     <span class='ocr_line' id='line_1_15' title="bbox 70 1521 987 1607; baseline 0.011 -32"><span class='ocrx_word' id='word_1_109' title='bbox 70 1536 154 1582; x_wconf 78' lang='lat' dir='ltr'><strong>unm</strong></span> <span class='ocrx_word' id='word_1_110' title='bbox 174 1521 380 1600; x_wconf 87' lang='lat' dir='ltr'><strong>descendunt,</strong></span> <span class='ocrx_word' id='word_1_111' title='bbox 402 1527 492 1588; x_wconf 58' lang='lat' dir='ltr'><strong>[hul.</strong></span> <span class='ocrx_word' id='word_1_112' title='bbox 514 1525 566 1600; x_wconf 76' lang='lat'><strong>55,</strong></span> <span class='ocrx_word' id='word_1_113' title='bbox 583 1530 633 1600; x_wconf 79' lang='lat' dir='ltr'><strong>lo,</strong></span> <span class='ocrx_word' id='word_1_114' title='bbox 653 1523 711 1587; x_wconf 88' lang='lat' dir='ltr'><strong>ubi</strong></span> <span class='ocrx_word' id='word_1_115' title='bbox 730 1523 819 1587; x_wconf 84' lang='lat' dir='ltr'><strong>nulla</strong></span> <span class='ocrx_word' id='word_1_116' title='bbox 839 1522 917 1607; x_wconf 88' lang='lat' dir='ltr'><strong>ipsis</strong></span> <span class='ocrx_word' id='word_1_117' title='bbox 939 1531 987 1587; x_wconf 89' lang='lat' dir='ltr'><strong>est</strong></span> 
     </span>
     <span class='ocr_line' id='line_1_16' title="bbox 70 1608 1000 1686; baseline 0.003 -19"><span class='ocrx_word' id='word_1_118' title='bbox 70 1620 162 1683; x_wconf 67' lang='lat' dir='ltr'><strong>spen,</strong></span> <span class='ocrx_word' id='word_1_119' title='bbox 189 1611 287 1672; x_wconf 72' lang='lat' dir='ltr'><strong>Pron.</strong></span> <span class='ocrx_word' id='word_1_120' title='bbox 316 1612 366 1686; x_wconf 92' lang='lat'><strong>11,</strong></span> <span class='ocrx_word' id='word_1_121' title='bbox 398 1610 445 1674; x_wconf 84' lang='lat'><strong>17.</strong></span> <span class='ocrx_word' id='word_1_122' title='bbox 495 1611 664 1675; x_wconf 79' lang='lat' dir='ltr'><strong>Justorum</strong></span> <span class='ocrx_word' id='word_1_123' title='bbox 694 1631 769 1672; x_wconf 88' lang='lat' dir='ltr'><strong>vero</strong></span> <span class='ocrx_word' id='word_1_124' title='bbox 799 1611 923 1672; x_wconf 85' lang='lat' dir='ltr'><strong>animae</strong></span> <span class='ocrx_word' id='word_1_125' title='bbox 955 1608 1000 1672; x_wconf 63' lang='grc' dir='ltr'><strong>ἐπ’</strong></span> 
     </span>
     <span class='ocr_line' id='line_1_17' title="bbox 70 1692 989 1778; baseline 0.007 -28"><span class='ocrx_word' id='word_1_126' title='bbox 70 1706 172 1753; x_wconf 71' lang='lat' dir='ltr'><strong>uarro</strong></span> <span class='ocrx_word' id='word_1_127' title='bbox 192 1692 258 1754; x_wconf 82' lang='lat' dir='ltr'><strong>Dei</strong></span> <span class='ocrx_word' id='word_1_128' title='bbox 275 1706 365 1771; x_wconf 85' lang='lat' dir='ltr'><strong>sunt,</strong></span> <span class='ocrx_word' id='word_1_129' title='bbox 394 1695 450 1757; x_wconf 89' lang='lat' dir='ltr'><strong>ubi</strong></span> <span class='ocrx_word' id='word_1_130' title='bbox 473 1705 664 1758; x_wconf 87' lang='lat' dir='ltr'><strong>tormentum</strong></span> <span class='ocrx_word' id='word_1_131' title='bbox 687 1693 759 1757; x_wconf 83' lang='lat' dir='ltr'><strong>illas</strong></span> <span class='ocrx_word' id='word_1_132' title='bbox 781 1715 847 1757; x_wconf 88' lang='lat' dir='ltr'><strong>non</strong></span> <span class='ocrx_word' id='word_1_133' title='bbox 867 1702 989 1778; x_wconf 85' lang='lat' dir='ltr'><strong>tanget,</strong></span> 
     </span>
    </p>
   </div>
   <div class='ocr_carea' id='block_1_5' title="bbox 70 1766 257 1855">
    <p class='ocr_par' dir='ltr' id='par_1_5' title="bbox 70 1766 257 1855">
     <span class='ocr_line' id='line_1_18' title="bbox 70 1766 257 1855; baseline 0.064 -24"><span class='ocrx_word' id='word_1_134' title='bbox 70 1766 155 1855; x_wconf 77' lang='lat' dir='ltr'><strong>Sap.</strong></span> <span class='ocrx_word' id='word_1_135' title='bbox 176 1780 206 1852; x_wconf 82' lang='lat'><strong>3,</strong></span> <span class='ocrx_word' id='word_1_136' title='bbox 230 1777 257 1844; x_wconf 92' lang='lat' dir='ltr'><strong>l.</strong></span> 
     </span>
    </p>
   </div>
   <div class='ocr_carea' id='block_1_6' title="bbox 70 1906 1016 2816">
    <p class='ocr_par' dir='ltr' id='par_1_6' title="bbox 70 1906 1016 2816">
     <span class='ocr_line' id='line_1_19' title="bbox 130 1906 986 1984; baseline 0.001 -21"><span class='ocrx_word' id='word_1_137' title='bbox 130 1906 235 1984; x_wconf 48' lang='lat' dir='ltr'><strong>·(Siout</strong></span> <span class='ocrx_word' id='word_1_138' title='bbox 252 1909 336 1964; x_wconf 89' lang='lat' dir='ltr'><strong>etiam</strong></span> <span class='ocrx_word' id='word_1_139' title='bbox 354 1911 409 1965; x_wconf 92' lang='lat' dir='ltr'><strong>duo</strong></span> <span class='ocrx_word' id='word_1_140' title='bbox 427 1915 536 1964; x_wconf 88' lang='lat' dir='ltr'><strong>tantum</strong></span> <span class='ocrx_word' id='word_1_141' title='bbox 550 1912 691 1967; x_wconf 91' lang='lat' dir='ltr'><strong>hominum</strong></span> <span class='ocrx_word' id='word_1_142' title='bbox 708 1911 789 1965; x_wconf 89' lang='lat' dir='ltr'><strong>nobis</strong></span> <span class='ocrx_word' id='word_1_143' title='bbox 801 1927 904 1981; x_wconf 86' lang='lat' dir='ltr'><strong>genera</strong></span> <span class='ocrx_word' id='word_1_144' title='bbox 923 1927 986 1979; x_wconf 86' lang='lat' dir='ltr'><strong>pro·</strong></span> 
     </span>
     <span class='ocr_line' id='line_1_20' title="bbox 70 1978 986 2050; baseline 0.007 -24"><span class='ocrx_word' id='word_1_145' title='bbox 70 1982 163 2047; x_wconf 60' lang='lat' dir='ltr'><strong>bcomt,</strong></span> <span class='ocrx_word' id='word_1_146' title='bbox 183 1978 334 2043; x_wconf 88' lang='lat' dir='ltr'><strong>credentes,</strong></span> <span class='ocrx_word' id='word_1_147' title='bbox 352 1981 400 2050; x_wconf 90' lang='lat' dir='ltr'><strong>qui</strong></span> <span class='ocrx_word' id='word_1_148' title='bbox 421 1980 571 2050; x_wconf 86' lang='lat' dir='ltr'><strong>salvantur,</strong></span> <span class='ocrx_word' id='word_1_149' title='bbox 590 1987 618 2035; x_wconf 93' lang='lat' dir='ltr'><strong>et</strong></span> <span class='ocrx_word' id='word_1_150' title='bbox 635 1981 799 2049; x_wconf 86' lang='lat' dir='ltr'><strong>incredulos,</strong></span> <span class='ocrx_word' id='word_1_151' title='bbox 819 1980 867 2050; x_wconf 90' lang='lat' dir='ltr'><strong>qui</strong></span> <span class='ocrx_word' id='word_1_152' title='bbox 891 1981 927 2033; x_wconf 85' lang='lat' dir='ltr'><strong>ad</strong></span> <span class='ocrx_word' id='word_1_153' title='bbox 945 1979 986 2032; x_wconf 91' lang='lat' dir='ltr'><strong>in-</strong></span> 
     </span>
     <span class='ocr_line' id='line_1_21' title="bbox 70 2047 1016 2119; baseline 0.002 -21"><span class='ocrx_word' id='word_1_154' title='bbox 70 2048 184 2119; x_wconf 52' lang='lat' dir='ltr'><strong>flemum</strong></span> <span class='ocrx_word' id='word_1_155' title='bbox 203 2047 377 2113; x_wconf 85' lang='lat' dir='ltr'><strong>damnantur,</strong></span> <span class='ocrx_word' id='word_1_156' title='bbox 396 2049 490 2101; x_wconf 82' lang='lat' dir='ltr'><strong>Marc.</strong></span> <span class='ocrx_word' id='word_1_157' title='bbox 511 2053 615 2119; x_wconf 58' lang='lat'><strong>10316.</strong></span> <span class='ocrx_word' id='word_1_158' title='bbox 657 2051 718 2103; x_wconf 83' lang='lat' dir='ltr'><strong>Nec</strong></span> <span class='ocrx_word' id='word_1_159' title='bbox 743 2056 783 2102; x_wconf 77' lang='lat' dir='ltr'><strong>eet</strong></span> <span class='ocrx_word' id='word_1_160' title='bbox 805 2050 850 2100; x_wconf 82' lang='lat' dir='ltr'><strong>hic</strong></span> <span class='ocrx_word' id='word_1_161' title='bbox 868 2050 924 2102; x_wconf 78' lang='lat' dir='ltr'><strong>ulli</strong></span> <span class='ocrx_word' id='word_1_162' title='bbox 944 2049 987 2100; x_wconf 81' lang='lat' dir='ltr'><strong>ul·</strong></span> <span class='ocrx_word' id='word_1_163' title='bbox 1012 2063 1016 2071; x_wconf 91' lang='lat'>·</span> 
     </span>
     <span class='ocr_line' id='line_1_22' title="bbox 70 2115 989 2187; baseline 0.003 -22"><span class='ocrx_word' id='word_1_164' title='bbox 70 2118 113 2155; x_wconf 59' lang='grc' dir='ltr'>Ν</span> <span class='ocrx_word' id='word_1_165' title='bbox 135 2115 355 2185; x_wconf 69' lang='lat' dir='ltr'><strong>mortinetum,</strong></span> <span class='ocrx_word' id='word_1_166' title='bbox 379 2126 411 2170; x_wconf 80' lang='lat' dir='ltr'><strong>at</strong></span> <span class='ocrx_word' id='word_1_167' title='bbox 422 2119 516 2186; x_wconf 69' lang='lat' dir='ltr'><strong>potuit</strong></span> <span class='ocrx_word' id='word_1_168' title='bbox 535 2136 607 2183; x_wconf 73' lang='lat' dir='ltr'><strong>aare,</strong></span> <span class='ocrx_word' id='word_1_169' title='bbox 631 2117 690 2170; x_wconf 75' lang='lat' dir='ltr'><strong>uici</strong></span> <span class='ocrx_word' id='word_1_170' title='bbox 707 2136 769 2170; x_wconf 84' lang='lat' dir='ltr'><strong>cum</strong></span> <span class='ocrx_word' id='word_1_171' title='bbox 787 2118 920 2187; x_wconf 81' lang='lat' dir='ltr'><strong>Diubolo,</strong></span> <span class='ocrx_word' id='word_1_172' title='bbox 938 2116 989 2186; x_wconf 76' lang='lat' dir='ltr'><strong>qui</strong></span> 
     </span>
     <span class='ocr_line' id='line_1_23' title="bbox 70 2186 989 2257; baseline 0.003 -22"><span class='ocrx_word' id='word_1_173' title='bbox 70 2186 126 2227; x_wconf 64' lang='lat'><strong>²⁰²³</strong></span> <span class='ocrx_word' id='word_1_174' title='bbox 152 2192 191 2235; x_wconf 77' lang='lat' dir='ltr'><strong>set</strong></span> <span class='ocrx_word' id='word_1_175' title='bbox 209 2202 271 2237; x_wconf 80' lang='lat' dir='ltr'><strong>cum</strong></span> <span class='ocrx_word' id='word_1_176' title='bbox 291 2186 411 2240; x_wconf 67' lang='lat' dir='ltr'><strong>Christo.</strong></span> <span class='ocrx_word' id='word_1_177' title='bbox 451 2186 537 2257; x_wconf 84' lang='lat' dir='ltr'><strong>Item,</strong></span> <span class='ocrx_word' id='word_1_178' title='bbox 561 2206 616 2241; x_wconf 81' lang='lat' dir='ltr'><strong>oon</strong></span> <span class='ocrx_word' id='word_1_179' title='bbox 636 2195 676 2240; x_wconf 83' lang='lat' dir='ltr'><strong>cat</strong></span> <span class='ocrx_word' id='word_1_180' title='bbox 694 2188 772 2240; x_wconf 84' lang='lat' dir='ltr'><strong>locua</strong></span> <span class='ocrx_word' id='word_1_181' title='bbox 790 2188 915 2252; x_wconf 80' lang='lat' dir='ltr'><strong>mediae,</strong></span> <span class='ocrx_word' id='word_1_182' title='bbox 939 2186 989 2239; x_wconf 78' lang='lat' dir='ltr'><strong>ubi</strong></span> 
     </span>
     <span class='ocr_line' id='line_1_24' title="bbox 70 2253 986 2325; baseline 0.007 -21"><span class='ocrx_word' id='word_1_183' title='bbox 70 2254 127 2295; x_wconf 72' lang='lat'><strong>⁸⁰⁷²</strong></span> <span class='ocrx_word' id='word_1_184' title='bbox 150 2253 185 2304; x_wconf 76' lang='lat' dir='ltr'><strong>ait</strong></span> <span class='ocrx_word' id='word_1_185' title='bbox 201 2253 231 2305; x_wconf 83' lang='lat' dir='ltr'><strong>iu</strong></span> <span class='ocrx_word' id='word_1_186' title='bbox 247 2256 396 2324; x_wconf 79' lang='lat' dir='ltr'><strong>aupph&#39;oio,</strong></span> <span class='ocrx_word' id='word_1_187' title='bbox 414 2257 464 2324; x_wconf 75' lang='lat' dir='ltr'><strong>qui</strong></span> <span class='ocrx_word' id='word_1_188' title='bbox 479 2274 534 2308; x_wconf 79' lang='lat' dir='ltr'><strong>uon</strong></span> <span class='ocrx_word' id='word_1_189' title='bbox 544 2258 640 2324; x_wconf 79' lang='lat' dir='ltr'><strong>fuerit</strong></span> <span class='ocrx_word' id='word_1_190' title='bbox 658 2256 823 2309; x_wconf 69' lang='lat' dir='ltr'><strong>constitutur</strong></span> <span class='ocrx_word' id='word_1_191' title='bbox 841 2256 871 2317; x_wconf 72' lang='lat' dir='ltr'><strong>ia</strong></span> <span class='ocrx_word' id='word_1_192' title='bbox 889 2273 986 2325; x_wconf 78' lang='lat' dir='ltr'><strong>ropac.</strong></span> 
     </span>
     <span class='ocr_line' id='line_1_25' title="bbox 70 2306 986 2383; baseline 0.011 -12"><span class='ocrx_word' id='word_1_193' title='bbox 70 2306 224 2379; x_wconf 67' lang='lat' dir='ltr'><strong>durastis,</strong></span> <span class='ocrx_word' id='word_1_194' title='bbox 242 2322 291 2383; x_wconf 87' lang='lat' dir='ltr'><strong>lib.</strong></span> <span class='ocrx_word' id='word_1_195' title='bbox 311 2324 346 2378; x_wconf 93' lang='lat' dir='ltr'><strong>de</strong></span> <span class='ocrx_word' id='word_1_196' title='bbox 383 2341 430 2378; x_wconf 87' lang='lat' dir='ltr'><strong>ecc</strong></span> <span class='ocrx_word' id='word_1_197' title='bbox 457 2325 544 2378; x_wconf 88' lang='lat' dir='ltr'><strong>merit.</strong></span> <span class='ocrx_word' id='word_1_198' title='bbox 570 2334 598 2380; x_wconf 93' lang='lat' dir='ltr'><strong>et</strong></span> <span class='ocrx_word' id='word_1_199' title='bbox 616 2325 720 2379; x_wconf 85' lang='lat' dir='ltr'><strong>remiss.</strong></span> <span class='ocrx_word' id='word_1_200' title='bbox 747 2342 770 2380; x_wconf 92' lang='lat' dir='ltr'><strong>c.</strong></span> <span class='ocrx_word' id='word_1_201' title='bbox 792 2330 833 2379; x_wconf 81' lang='lat'><strong>28.</strong></span> <span class='ocrx_word' id='word_1_202' title='bbox 851 2332 870 2378; x_wconf 88' lang='lat' dir='ltr'><strong>t.</strong></span> <span class='ocrx_word' id='word_1_203' title='bbox 891 2333 914 2380; x_wconf 76' lang='lat'><strong>7.</strong></span> <span class='ocrx_word' id='word_1_204' title='bbox 935 2324 986 2381; x_wconf 89' lang='lat' dir='ltr'><strong>col.</strong></span> 
     </span>
     <span class='ocr_line' id='line_1_26' title="bbox 70 2378 987 2457; baseline 0.007 -16"><span class='ocrx_word' id='word_1_205' title='bbox 70 2378 130 2457; x_wconf 60' lang='lat'><strong>§⁸⁰-</strong></span> <span class='ocrx_word' id='word_1_206' title='bbox 153 2388 187 2442; x_wconf 89' lang='lat' dir='ltr'><strong>D.</strong></span> <span class='ocrx_word' id='word_1_207' title='bbox 205 2392 270 2446; x_wconf 87' lang='lat' dir='ltr'><strong>etl.</strong></span> <span class='ocrx_word' id='word_1_208' title='bbox 291 2398 332 2446; x_wconf 83' lang='lat'><strong>21.</strong></span> <span class='ocrx_word' id='word_1_209' title='bbox 371 2392 433 2446; x_wconf 81' lang='lat' dir='ltr'><strong>eO.</strong></span> <span class='ocrx_word' id='word_1_210' title='bbox 452 2392 487 2446; x_wconf 92' lang='lat' dir='ltr'><strong>D.</strong></span> <span class='ocrx_word' id='word_1_211' title='bbox 508 2410 531 2449; x_wconf 90' lang='lat' dir='ltr'><strong>c.</strong></span> <span class='ocrx_word' id='word_1_212' title='bbox 552 2400 593 2449; x_wconf 81' lang='lat'><strong>25.</strong></span> <span class='ocrx_word' id='word_1_213' title='bbox 614 2400 632 2447; x_wconf 87' lang='lat' dir='ltr'><strong>t.</strong></span> <span class='ocrx_word' id='word_1_214' title='bbox 654 2401 676 2449; x_wconf 84' lang='lat'><strong>5.</strong></span> <span class='ocrx_word' id='word_1_215' title='bbox 698 2394 747 2447; x_wconf 84' lang='lat' dir='ltr'><strong>col.</strong></span> <span class='ocrx_word' id='word_1_216' title='bbox 763 2394 881 2448; x_wconf 81' lang='lat' dir='ltr'><strong>1311.B.</strong></span> <span class='ocrx_word' id='word_1_217' title='bbox 916 2393 987 2447; x_wconf 83' lang='lat' dir='ltr'><strong>Con·</strong></span> 
     </span>
     <span class='ocr_line' id='line_1_27' title="bbox 70 2458 986 2531; baseline 0.004 -20"><span class='ocrx_word' id='word_1_218' title='bbox 70 2458 108 2496; x_wconf 71' lang='lat'><strong>³01·</strong></span> <span class='ocrx_word' id='word_1_219' title='bbox 130 2471 214 2512; x_wconf 75' lang='lat' dir='ltr'><strong>serm.</strong></span> <span class='ocrx_word' id='word_1_220' title='bbox 238 2467 275 2515; x_wconf 83' lang='grc'><strong>14.</strong></span> <span class='ocrx_word' id='word_1_221' title='bbox 295 2462 330 2515; x_wconf 89' lang='lat' dir='ltr'><strong>de</strong></span> <span class='ocrx_word' id='word_1_222' title='bbox 343 2461 419 2518; x_wconf 85' lang='lat' dir='ltr'><strong>verb.</strong></span> <span class='ocrx_word' id='word_1_223' title='bbox 438 2477 527 2530; x_wconf 81' lang='lat' dir='ltr'><strong>apost.</strong></span> <span class='ocrx_word' id='word_1_224' title='bbox 546 2469 565 2518; x_wconf 92' lang='lat' dir='ltr'><strong>t.</strong></span> <span class='ocrx_word' id='word_1_225' title='bbox 581 2470 618 2517; x_wconf 82' lang='lat' dir='ltr'><strong>tu.</strong></span> <span class='ocrx_word' id='word_1_226' title='bbox 637 2463 687 2516; x_wconf 89' lang='lat' dir='ltr'><strong>col.</strong></span> <span class='ocrx_word' id='word_1_227' title='bbox 704 2470 761 2518; x_wconf 82' lang='lat'><strong>319.</strong></span> <span class='ocrx_word' id='word_1_228' title='bbox 775 2463 810 2515; x_wconf 90' lang='lat' dir='ltr'><strong>A.</strong></span> <span class='ocrx_word' id='word_1_229' title='bbox 834 2465 911 2515; x_wconf 87' lang='lat' dir='ltr'><strong>Nam</strong></span> <span class='ocrx_word' id='word_1_230' title='bbox 923 2464 986 2531; x_wconf 82' lang='lat' dir='ltr'><strong>pri·</strong></span> 
     </span>
     <span class='ocr_line' id='line_1_28' title="bbox 70 2528 986 2604; baseline 0.003 -25"><span class='ocrx_word' id='word_1_231' title='bbox 70 2528 151 2604; x_wconf 57' lang='lat' dir='ltr'><strong>”usse</strong></span> <span class='ocrx_word' id='word_1_232' title='bbox 168 2536 208 2580; x_wconf 80' lang='lat' dir='ltr'><strong>cat</strong></span> <span class='ocrx_word' id='word_1_233' title='bbox 225 2546 342 2598; x_wconf 72' lang='lat' dir='ltr'><strong>requam</strong></span> <span class='ocrx_word' id='word_1_234' title='bbox 360 2531 517 2599; x_wconf 78' lang='lat' dir='ltr'><strong>coelorum,</strong></span> <span class='ocrx_word' id='word_1_235' title='bbox 539 2534 691 2584; x_wconf 74' lang='lat' dir='ltr'><strong>secuudum</strong></span> <span class='ocrx_word' id='word_1_236' title='bbox 710 2532 849 2598; x_wconf 67' lang='lat' dir='ltr'><strong>perenna,</strong></span> <span class='ocrx_word' id='word_1_237' title='bbox 872 2531 986 2584; x_wconf 78' lang='lat' dir='ltr'><strong>tertium</strong></span> 
     </span>
     <span class='ocr_line' id='line_1_29' title="bbox 70 2596 987 2667; baseline 0.005 -21"><span class='ocrx_word' id='word_1_238' title='bbox 70 2596 185 2661; x_wconf 70' lang='lat' dir='ltr'><strong>‚²⁶⁷²2tua</strong></span> <span class='ocrx_word' id='word_1_239' title='bbox 207 2599 384 2667; x_wconf 76' lang='lat' dir='ltr'><strong>ipocramua,</strong></span> <span class='ocrx_word' id='word_1_240' title='bbox 408 2601 462 2653; x_wconf 83' lang='lat' dir='ltr'><strong>imo</strong></span> <span class='ocrx_word' id='word_1_241' title='bbox 486 2617 536 2652; x_wconf 84' lang='lat' dir='ltr'><strong>uec</strong></span> <span class='ocrx_word' id='word_1_242' title='bbox 560 2618 618 2653; x_wconf 76' lang='lat' dir='ltr'><strong>eoae</strong></span> <span class='ocrx_word' id='word_1_243' title='bbox 642 2602 671 2652; x_wconf 81' lang='lat' dir='ltr'><strong>ia</strong></span> <span class='ocrx_word' id='word_1_244' title='bbox 696 2600 855 2667; x_wconf 65' lang='lat' dir='ltr'><strong>scriptoria</strong></span> <span class='ocrx_word' id='word_1_245' title='bbox 880 2600 987 2652; x_wconf 72' lang='lat' dir='ltr'><strong>nanctis</strong></span> 
     </span>
     <span class='ocr_line' id='line_1_30' title="bbox 70 2665 984 2740; baseline 0.005 -25"><span class='ocrx_word' id='word_1_246' title='bbox 70 2665 236 2721; x_wconf 58' lang='lat' dir='ltr'><strong>diversamur.</strong></span> <span class='ocrx_word' id='word_1_247' title='bbox 256 2668 375 2736; x_wconf 62' lang='lat' dir='ltr'><strong>August.</strong></span> <span class='ocrx_word' id='word_1_248' title='bbox 394 2668 442 2722; x_wconf 92' lang='lat' dir='ltr'><strong>lib.</strong></span> <span class='ocrx_word' id='word_1_249' title='bbox 452 2675 476 2723; x_wconf 86' lang='lat'><strong>5.</strong></span> <span class='ocrx_word' id='word_1_250' title='bbox 495 2668 617 2740; x_wconf 86' lang='lat' dir='ltr'><strong>hypogn.</strong></span> <span class='ocrx_word' id='word_1_251' title='bbox 637 2674 724 2722; x_wconf 91' lang='lat' dir='ltr'><strong>contr.</strong></span> <span class='ocrx_word' id='word_1_252' title='bbox 742 2669 838 2739; x_wconf 84' lang='lat' dir='ltr'><strong>Pelug.</strong></span> <span class='ocrx_word' id='word_1_253' title='bbox 858 2676 877 2722; x_wconf 89' lang='lat' dir='ltr'><strong>t.</strong></span> <span class='ocrx_word' id='word_1_254' title='bbox 892 2675 913 2722; x_wconf 78' lang='lat'><strong>7.</strong></span> <span class='ocrx_word' id='word_1_255' title='bbox 933 2667 984 2721; x_wconf 92' lang='lat' dir='ltr'><strong>col.</strong></span> 
     </span>
     <span class='ocr_line' id='line_1_31' title="bbox 70 2720 986 2816; baseline 0.002 -28"><span class='ocrx_word' id='word_1_256' title='bbox 70 2720 154 2796; x_wconf 65' lang='lat'><strong>[4⁰5.</strong></span> <span class='ocrx_word' id='word_1_257' title='bbox 172 2733 201 2788; x_wconf 80' lang='lat' dir='ltr'><strong>C.</strong></span> <span class='ocrx_word' id='word_1_258' title='bbox 237 2738 349 2789; x_wconf 78' lang='lat' dir='ltr'><strong>Errant</strong></span> <span class='ocrx_word' id='word_1_259' title='bbox 365 2736 451 2807; x_wconf 86' lang='lat' dir='ltr'><strong>igitur</strong></span> <span class='ocrx_word' id='word_1_260' title='bbox 463 2739 614 2805; x_wconf 76' lang='lat' dir='ltr'><strong>pontificii,</strong></span> <span class='ocrx_word' id='word_1_261' title='bbox 632 2738 699 2791; x_wconf 90' lang='lat' dir='ltr'><strong>dum</strong></span> <span class='ocrx_word' id='word_1_262' title='bbox 717 2737 835 2807; x_wconf 82' lang='lat' dir='ltr'><strong>fingunt,</strong></span> <span class='ocrx_word' id='word_1_263' title='bbox 856 2742 986 2816; x_wconf 74' lang='lat' dir='ltr'><strong>purgato·</strong></span> 
     </span>
    </p>
   </div>
   <div class='ocr_carea' id='block_1_7' title="bbox 70 2800 1082 2879">
    <p class='ocr_par' dir='ltr' id='par_1_7' title="bbox 70 2800 1082 2879">
     <span class='ocr_line' id='line_1_32' title="bbox 70 2800 1082 2879; baseline 0.004 -26"><span class='ocrx_word' id='word_1_264' title='bbox 70 2800 147 2879; x_wconf 50' lang='lat' dir='ltr'><strong>§mn</strong></span> <span class='ocrx_word' id='word_1_265' title='bbox 165 2818 223 2858; x_wconf 86' lang='lat' dir='ltr'><strong>csse</strong></span> <span class='ocrx_word' id='word_1_266' title='bbox 241 2805 380 2875; x_wconf 86' lang='lat' dir='ltr'><strong>quoddam</strong></span> <span class='ocrx_word' id='word_1_267' title='bbox 398 2806 428 2858; x_wconf 90' lang='lat' dir='ltr'><strong>in</strong></span> <span class='ocrx_word' id='word_1_268' title='bbox 447 2806 503 2859; x_wconf 91' lang='lat' dir='ltr'><strong>ima</strong></span> <span class='ocrx_word' id='word_1_269' title='bbox 518 2807 625 2859; x_wconf 88' lang='lat' dir='ltr'><strong>telluris</strong></span> <span class='ocrx_word' id='word_1_270' title='bbox 639 2812 717 2877; x_wconf 86' lang='lat' dir='ltr'><strong>parte</strong></span> <span class='ocrx_word' id='word_1_271' title='bbox 736 2805 913 2874; x_wconf 79' lang='lat' dir='ltr'><strong>barathrum,</strong></span> <span class='ocrx_word' id='word_1_272' title='bbox 943 2822 983 2857; x_wconf 85' lang='lat' dir='ltr'><strong>rn·</strong></span> <span class='ocrx_word' id='word_1_273' title='bbox 1081 2870 1082 2874; x_wconf 11' lang='grc' dir='ltr'><strong>Ἰ</strong></span> 
     </span>
    </p>
   </div>
   <div class='ocr_carea' id='block_1_8' title="bbox 70 2868 985 3289">
    <p class='ocr_par' dir='ltr' id='par_1_8' title="bbox 70 2868 985 3289">
     <span class='ocr_line' id='line_1_33' title="bbox 73 2868 984 2953; baseline 0.004 -30"><span class='ocrx_word' id='word_1_274' title='bbox 73 2868 153 2944; x_wconf 60' lang='lat' dir='ltr'><strong>“qo</strong></span> <span class='ocrx_word' id='word_1_275' title='bbox 169 2873 332 2942; x_wconf 85' lang='lat' dir='ltr'><strong>proximum,</strong></span> <span class='ocrx_word' id='word_1_276' title='bbox 348 2875 377 2927; x_wconf 93' lang='lat' dir='ltr'><strong>in</strong></span> <span class='ocrx_word' id='word_1_277' title='bbox 396 2890 451 2953; x_wconf 83' lang='lat' dir='ltr'><strong>quo</strong></span> <span class='ocrx_word' id='word_1_278' title='bbox 471 2875 579 2929; x_wconf 87' lang='lat' dir='ltr'><strong>animae</strong></span> <span class='ocrx_word' id='word_1_279' title='bbox 597 2892 699 2938; x_wconf 86' lang='lat' dir='ltr'><strong>eorum,</strong></span> <span class='ocrx_word' id='word_1_280' title='bbox 723 2876 771 2944; x_wconf 90' lang='lat' dir='ltr'><strong>qui</strong></span> <span class='ocrx_word' id='word_1_281' title='bbox 789 2891 852 2928; x_wconf 92' lang='lat' dir='ltr'><strong>cum</strong></span> <span class='ocrx_word' id='word_1_282' title='bbox 869 2880 984 2944; x_wconf 86' lang='lat' dir='ltr'><strong>peccato</strong></span> 
     </span>
     <span class='ocr_line' id='line_1_34' title="bbox 70 2935 985 3013; baseline 0.002 -20"><span class='ocrx_word' id='word_1_283' title='bbox 70 2935 175 2993; x_wconf 57' lang='lat' dir='ltr'><strong>&#39;emuli</strong></span> <span class='ocrx_word' id='word_1_284' title='bbox 204 2958 255 3010; x_wconf 88' lang='lat' dir='ltr'><strong>per</strong></span> <span class='ocrx_word' id='word_1_285' title='bbox 282 2944 499 2997; x_wconf 78' lang='lat' dir='ltr'><strong>satisfactionem</strong></span> <span class='ocrx_word' id='word_1_286' title='bbox 527 2945 650 2997; x_wconf 90' lang='lat' dir='ltr'><strong>nondum</strong></span> <span class='ocrx_word' id='word_1_287' title='bbox 676 2945 712 2998; x_wconf 90' lang='lat' dir='ltr'><strong>ad</strong></span> <span class='ocrx_word' id='word_1_288' title='bbox 735 2943 848 3013; x_wconf 90' lang='lat' dir='ltr'><strong>plenum</strong></span> <span class='ocrx_word' id='word_1_289' title='bbox 873 2944 985 3013; x_wconf 85' lang='lat' dir='ltr'><strong>expiato</strong></span> 
     </span>
     <span class='ocr_line' id='line_1_35' title="bbox 70 3004 985 3082; baseline 0.005 -22"><span class='ocrx_word' id='word_1_290' title='bbox 70 3004 222 3077; x_wconf 53' lang='lat' dir='ltr'><strong>&#39;fssedunh</strong></span> <span class='ocrx_word' id='word_1_291' title='bbox 254 3017 405 3080; x_wconf 88' lang='lat' dir='ltr'><strong>conspectu</strong></span> <span class='ocrx_word' id='word_1_292' title='bbox 432 3012 485 3065; x_wconf 89' lang='lat' dir='ltr'><strong>Dei</strong></span> <span class='ocrx_word' id='word_1_293' title='bbox 512 3012 600 3067; x_wconf 84' lang='lat' dir='ltr'><strong>orbati</strong></span> <span class='ocrx_word' id='word_1_294' title='bbox 627 3029 677 3082; x_wconf 86' lang='lat' dir='ltr'><strong>per</strong></span> <span class='ocrx_word' id='word_1_295' title='bbox 701 3028 796 3065; x_wconf 85' lang='lat' dir='ltr'><strong>verum</strong></span> <span class='ocrx_word' id='word_1_296' title='bbox 821 3017 849 3066; x_wconf 90' lang='lat' dir='ltr'><strong>et</strong></span> <span class='ocrx_word' id='word_1_297' title='bbox 872 3011 985 3082; x_wconf 86' lang='lat' dir='ltr'><strong>proprie</strong></span> 
     </span>
     <span class='ocr_line' id='line_1_36' title="bbox 70 3054 984 3199; baseline 0.007 -71"><span class='ocrx_word' id='word_1_298' title='bbox 70 3054 178 3130; x_wconf 63' lang='lat' dir='ltr'><strong>1¹&lt;stum</strong></span> <span class='ocrx_word' id='word_1_299' title='bbox 195 3078 287 3199; x_wconf 61' lang='lat' dir='ltr'><strong>iim</strong></span> <span class='ocrx_word' id='word_1_300' title='bbox 306 3080 524 3150; x_wconf 88' lang='lat' dir='ltr'><strong>exquisitissimis</strong></span> <span class='ocrx_word' id='word_1_301' title='bbox 542 3081 685 3135; x_wconf 89' lang='lat' dir='ltr'><strong>tormentis</strong></span> <span class='ocrx_word' id='word_1_302' title='bbox 705 3080 909 3149; x_wconf 81' lang='lat' dir='ltr'><strong>excruciantur,</strong></span> <span class='ocrx_word' id='word_1_303' title='bbox 935 3081 984 3134; x_wconf 91' lang='lat' dir='ltr'><strong>do-</strong></span> 
     </span>
     <span class='ocr_line' id='line_1_37' title="bbox 70 3140 983 3221; baseline 0.004 -23"><span class='ocrx_word' id='word_1_304' title='bbox 70 3140 119 3185; x_wconf 59' lang='grc' dir='ltr'>Μ</span> <span class='ocrx_word' id='word_1_305' title='bbox 143 3162 206 3200; x_wconf 85' lang='lat' dir='ltr'><strong>exso</strong></span> <span class='ocrx_word' id='word_1_306' title='bbox 219 3148 273 3201; x_wconf 88' lang='lat' dir='ltr'><strong>utis</strong></span> <span class='ocrx_word' id='word_1_307' title='bbox 292 3150 389 3218; x_wconf 91' lang='lat' dir='ltr'><strong>poenis</strong></span> <span class='ocrx_word' id='word_1_308' title='bbox 412 3149 448 3202; x_wconf 87' lang='lat' dir='ltr'><strong>ab</strong></span> <span class='ocrx_word' id='word_1_309' title='bbox 470 3150 543 3204; x_wconf 88' lang='lat' dir='ltr'><strong>omni</strong></span> <span class='ocrx_word' id='word_1_310' title='bbox 567 3151 678 3204; x_wconf 79' lang='lat' dir='ltr'><strong>macula</strong></span> <span class='ocrx_word' id='word_1_311' title='bbox 702 3150 810 3219; x_wconf 87' lang='lat' dir='ltr'><strong>peccati</strong></span> <span class='ocrx_word' id='word_1_312' title='bbox 830 3167 983 3221; x_wconf 84' lang='lat' dir='ltr'><strong>expurgen-</strong></span> 
     </span>
     <span class='ocr_line' id='line_1_38' title="bbox 70 3196 984 3289; baseline -0.001 -17"><span class='ocrx_word' id='word_1_313' title='bbox 70 3196 121 3272; x_wconf 51' lang='grc' dir='ltr'><strong>,Μ’</strong></span> <span class='ocrx_word' id='word_1_314' title='bbox 146 3221 178 3268; x_wconf 88' lang='lat' dir='ltr'><strong>ut</strong></span> <span class='ocrx_word' id='word_1_315' title='bbox 195 3233 282 3286; x_wconf 83' lang='lat' dir='ltr'><strong>purae</strong></span> <span class='ocrx_word' id='word_1_316' title='bbox 299 3218 328 3270; x_wconf 94' lang='lat' dir='ltr'><strong>in</strong></span> <span class='ocrx_word' id='word_1_317' title='bbox 347 3219 455 3272; x_wconf 87' lang='lat' dir='ltr'><strong>coelum</strong></span> <span class='ocrx_word' id='word_1_318' title='bbox 466 3218 576 3289; x_wconf 87' lang='lat' dir='ltr'><strong>ingredi</strong></span> <span class='ocrx_word' id='word_1_319' title='bbox 595 3219 715 3288; x_wconf 85' lang='lat' dir='ltr'><strong>possint,</strong></span> <span class='ocrx_word' id='word_1_320' title='bbox 735 3217 770 3270; x_wconf 84' lang='lat' dir='ltr'><strong>ad</strong></span> <span class='ocrx_word' id='word_1_321' title='bbox 792 3235 875 3287; x_wconf 91' lang='lat' dir='ltr'><strong>quem</strong></span> <span class='ocrx_word' id='word_1_322' title='bbox 889 3224 984 3273; x_wconf 85' lang='lat' dir='ltr'><strong>tamen</strong></span> 
     </span>
    </p>
   </div>
   <div class='ocr_carea' id='block_1_9' title="bbox 70 3276 984 3359">
    <p class='ocr_par' dir='ltr' id='par_1_9' title="bbox 70 3276 984 3359">
     <span class='ocr_line' id='line_1_39' title="bbox 70 3276 984 3359; baseline 0.004 -23"><span class='ocrx_word' id='word_1_323' title='bbox 70 3276 225 3338; x_wconf 63' lang='lat' dir='ltr'><strong>ul&amp;tersum</strong></span> <span class='ocrx_word' id='word_1_324' title='bbox 247 3286 293 3339; x_wconf 86' lang='lat' dir='ltr'><strong>vel</strong></span> <span class='ocrx_word' id='word_1_325' title='bbox 313 3287 521 3352; x_wconf 85' lang='lat' dir='ltr'><strong>maturandum,</strong></span> <span class='ocrx_word' id='word_1_326' title='bbox 548 3288 592 3341; x_wconf 91' lang='lat' dir='ltr'><strong>vel</strong></span> <span class='ocrx_word' id='word_1_327' title='bbox 621 3288 658 3340; x_wconf 87' lang='lat' dir='ltr'><strong>ad</strong></span> <span class='ocrx_word' id='word_1_328' title='bbox 679 3303 782 3357; x_wconf 87' lang='lat' dir='ltr'><strong>poenas</strong></span> <span class='ocrx_word' id='word_1_329' title='bbox 806 3288 984 3359; x_wconf 83' lang='lat' dir='ltr'><strong>mitigandas,</strong></span> 
     </span>
    </p>
   </div>
   <div class='ocr_carea' id='block_1_10' title="bbox 0 0 1130 3772">
    <p class='ocr_par' dir='ltr' id='par_1_10' title="bbox 0 0 1130 3772">
     <span class='ocr_line' id='line_1_40' title="bbox 0 0 1130 3772; baseline 0 0"><span class='ocrx_word' id='word_1_330' title='bbox 0 0 1130 3772; x_wconf 95' lang='lat' dir='ltr'><strong> </strong></span> 
     </span>
    </p>
   </div>
  </div>
 </body>
</html>
