2250 3772
106 231 146 295 14
446 230 499 296 De
520 253 544 295 s.
568 241 678 297 sanata

104 417 160 455 non
178 400 245 470 styli
262 398 402 482 qualitatis
421 399 595 455 diversitate:
621 415 694 472 quse
715 404 794 470 patet
815 398 890 453 inter
909 397 965 452 aiis
981 414 1016 454 ox

101 469 223 538 proloqo
246 468 389 523 Saraotds'o
405 487 430 523 o.
448 472 474 525 5.
496 474 520 526 t,
539 475 568 523 et
591 472 617 522 2.
636 469 731 525 Maoo.
748 471 774 537 2,
794 471 839 524 tt.
858 469 901 521 27.
925 473 955 522 ot
972 470 1016 537 15,

105 540 150 591 39.
188 544 211 593 3.
229 536 275 591 Ab
294 537 428 606 adjuncta
452 537 591 591 idiomatis
611 538 777 592 diversitate.
815 535 916 605 Saripti
937 552 1016 590 nam·

105 621 160 676 qna
186 612 217 660 ut
244 605 394 676 plurimum
416 605 548 660 idiomate
576 605 692 660 Graeco.
728 612 753 660 4.
772 605 799 659 Α
816 611 919 675 negato
936 604 1015 659 testi·

104 675 196 729 monio
214 674 308 728 divino
325 673 484 728 immediato
503 674 605 729 Christi
624 681 652 728 ot
671 674 791 731 mediato
818 672 1015 742 apostolorum,

105 743 153 813 qui
170 743 278 797 nullum
296 759 330 797 ex
347 742 390 796 his
407 743 484 797 libris
502 760 606 814 apoory
628 742 670 796 his
686 741 873 799 testimonium
891 741 920 795 in
931 741 966 797 N.
980 741 1017 797 Τ.

104 812 234 878 oitarunt
252 811 301 866 sed
319 815 429 865 tantum
443 828 476 865 ex
485 811 589 882 Moyse,
607 761 755 880 i‘rophetis
765 816 793 864 et
802 810 928 865 Psalmis.
949 809 1016 867 Vid.

105 897 180 949 supr.
199 880 234 934 de
253 880 300 937 lib.
320 896 417 934 canon.
430 887 444 935 5
458 885 522 935 stu.
542 881 569 933 A
588 880 742 935 testimonio
760 880 881 934 humano
892 879 1017 935 Judaeu-

104 966 166 1002 rum
184 956 212 1002 ot
232 949 458 1017 Christianorum,
477 950 512 1004 de
531 948 632 1020 quibus
650 949 712 1004 vide
724 950 841 1017 Josopt.
858 948 877 1003 1.
900 954 920 1002 1.
939 953 1015 1005 nont.

104 1017 225 1087 Appion
238 1034 305 1088 pag.
319 1023 378 1073 853.
414 1019 577 1086 Hiorouam.
595 1019 623 1072 in
644 1019 762 1087 praefat.
778 1018 807 1071 in
817 1017 879 1072 libr.
892 1016 1017 1087 Paralip.

104 1092 168 1141 tona
189 1092 210 1141 3.
228 1103 292 1156 pag.
310 1092 348 1141 19.
367 1084 400 1140 B.
420 1092 448 1140 et
466 1087 542 1144 aiios.
573 1094 598 1143 7.
617 1086 644 1140 Α
662 1086 805 1141 contradis
825 1084 1017 1156 pugnantibus

104 1155 238 1209 materiae
257 1153 412 1224 subjectae:
434 1172 506 1226 quae
526 1161 622 1225 patent
639 1155 711 1210 inter
729 1156 817 1209 aliae
839 1155 906 1210 Tot.
926 1158 950 1217 4,
975 1158 1015 1209 11.

105 1228 134 1277 at
153 1228 178 1292 5,
199 1228 238 1278 18.
257 1230 285 1276 at
303 1226 327 1277 6.
345 1228 369 1278 8.
393 1230 421 1278 et
442 1229 467 1292 8,
484 1227 510 1279 2.
531 1226 557 1279 3.
580 1231 608 1278 ot
629 1227 674 1290 12,
693 1228 717 1277 9.
752 1223 969 1289 automata,
991 1225 1014 1276 7.

105 1300 131 1344 a
151 1294 176 1360 o,
196 1295 243 1347 22.
263 1296 292 1347 et
310 1297 334 1360 s,
352 1295 396 1348 aa
414 1298 443 1347 et
459 1297 485 1346 2.
505 1294 635 1349 Mat-cao.
656 1296 683 1359 2,
706 1298 727 1346 7.
749 1300 775 1347 et
795 1295 829 1344 12
859 1294 902 1346 13.
927 1297 955 1345 et
975 1295 1006 1345 u

104 1363 146 1415 41.
183 1361 350 1425 Ramatl,
371 1364 395 1415 1.
423 1366 507 1425 2,11.
527 1369 554 1416 et
574 1366 599 1430 6,
617 1366 643 1415 2.
677 1361 782 1415 Contra
794 1362 898 1416 Jerem.
914 1363 960 1423 25,
976 1362 1016 1413 11.

105 1435 134 1482 et
151 1432 195 1488 29,
216 1432 259 1482 10.
306 1428 407 1484 Confer
428 1431 594 1499 fraymeuto
621 1432 732 1499 Esther,
753 1430 832 1484 Esth.
855 1433 879 1485 1.
906 1435 935 1483 at
954 1428 1014 1483 Str.

105 1499 397 1566 anuum)

107 1635 155 1700 16.
191 1635 307 1697 Annon
335 1657 406 1698 vero
439 1634 473 1697 u·
500 1634 671 1718 apocryphi
697 1635 769 1698 tion·
804 1636 941 1700 eeclesiae
969 1635 1015 1701 oet

191 1719 312 1782 oostoilii
331 1719 460 1801 alicujus
481 1721 646 1784 autoritate
667 1720 746 1782 inter
768 1722 927 1783 oastoaiooa

417 1804 531 1886 auferri
549 1801 700 1886 possunt?

189 1921 342 1990 Minime:
370 1921 560 2007 apocryphis
582 1944 719 2005 namque
741 1921 810 1985 istis
831 1944 935 2006 neque
956 1922 1014 1987 ‹le-

104 2007 205 2071 finitio
227 2007 381 2071 librorum
402 2006 626 2071 canonicorum
641 2006 798 2085 convenit,
820 2029 923 2090 neque
937 2029 1014 2090 pro-

104 2093 175 2191 priu
196 2092 369 2155 eorundem
390 2085 488 2175 unitio
505 2091 571 2156 sive
586 2091 785 2156 affectiones:
808 2114 1014 2177 nequaquam

104 2176 203 2262 igitur
223 2176 368 2241 canonici
388 2197 457 2239 esse
480 2188 534 2239 aut
554 2176 622 2239 fieri
644 2187 785 2261 possunt.

175 2307 267 2376 (Ratio
288 2324 305 2361 a
322 2313 426 2379 negata
445 2307 602 2363 definitione
628 2309 664 2363 ad
682 2310 840 2380 negandum
858 2309 1012 2367 definitum.

106 2374 157 2431 Cui
186 2376 258 2430 enim
284 2394 339 2430 non
362 2377 492 2431 convenit
519 2376 656 2444 definitio,
686 2379 865 2499 ef’iusdemque
899 2378 1013 2433 affectio

124 2445 224 2515 ropiia,
244 2444 333 2500 eidem
346 2445 430 2500 etiam
447 2463 502 2499 non
517 2447 645 2501 convenit
663 2447 697 2500 de
719 2447 813 2502 nitum.
834 2448 861 2500 A
882 2446 1013 2518 ooryphis

104 2463 174 2569 iaec
192 2530 246 2568 non
263 2514 438 2568 conveniunt.
477 2514 541 2571 Non
563 2514 636 2569 enim
658 2523 724 2570 sunt
747 2532 764 2569 a
788 2467 929 2589 propietis
947 2533 1012 2570 oon-

105 2581 214 2653 soripti‚
241 2599 292 2637 nec
317 2580 354 2637 ab
378 2583 477 2637 iisdem
495 2583 626 2638 ecelesiae
650 2584 758 2647 traditi,
785 2603 875 2656 neque
892 2584 1011 2653 divinae,

105 2652 155 2707 sed
173 2651 274 2705 dubiae
292 2650 455 2719 autoritatis,
476 2653 550 2722 quod
567 2652 650 2707 facile
669 2654 703 2708 de
721 2653 836 2725 singulis
856 2653 914 2708 istis
932 2652 1012 2707 libris

106 2719 288 2774 demonstrari
306 2724 406 2790 potest.
424 2720 457 2778 E.
476 2726 528 2776 eto.
566 2721 675 2777 Confer.
695 2723 882 2803 quaestionem
901 2737 1013 2792 praeee-

105 2788 224 2844 dentem.
260 2791 371 2842 Errant
392 2789 478 2860 igitur
494 2791 646 2870 pontificii5
671 2808 719 2860 qu1
742 2790 901 2860 pontificem
922 2807 1012 2844 roma·

104 2876 171 2912 num
190 2863 218 2911 et
236 2856 352 2911 concilia
368 2858 563 2927 cardinalium,
590 2859 780 2929 episcoporum
797 2877 830 2914 sc
850 2859 1012 2914 clericorum

104 2926 277 2997 apocryphos
302 2925 387 2980 libros
413 2927 595 2982 canonizandi
618 2928 794 2983 autoritatem
813 2928 915 2984 habere
939 2943 1012 2982 vans

100 2994 240 3064 jactitant.
274 2994 338 3050 Vid.
358 2995 476 3066 Stoptet.
490 2997 583 3054 relect.
592 2996 680 3079 prino.
699 2996 747 3051 fid.
760 3002 846 3052 contr.
859 3005 882 3052 5.
903 2999 1010 3068 quaest.

104 3069 129 3119 2.
155 3067 206 3117 art.
225 3069 239 3118 3
259 3070 286 3118 et
303 3070 326 3118 4.
354 3081 382 3133 p.
405 3071 454 3120 509
475 3083 531 3136 seq.
576 3066 654 3119 tane
683 3066 766 3120 etiam
792 3066 837 3120 hio
862 3065 1010 3120 discrimen

103 3130 176 3186 inter
202 3133 375 3203 apouyphos
401 3133 483 3203 primi
512 3138 540 3189 et
563 3133 678 3188 secundi
706 3135 816 3206 generis
844 3134 1010 3205 excogitant.

105 3200 270 3270 Apono-apti
282 3202 499 3324 primi'lqoaato
518 3204 773 3271 δευτεροκανονικοὶ
796 3204 832 3258 ab
854 3204 951 3259 iisdem
968 3202 1010 3256 di-

104 3273 212 3336 cuntur,
231 3275 359 3339 utputa,
403 3271 448 3326 ob.
467 3270 581 3336 iudith,
600 3271 712 3342 Syraoh.
733 3271 848 3343 Apocal.
868 3272 956 3342 Epist.
973 3271 1010 3326 ad
