2250 3772
136 232 180 296 60
375 231 483 318 Caput
502 233 529 299 Ι.
573 234 626 299 De
647 232 811 320 decalogo.

254 402 305 466 21.
342 400 427 478 (itud
446 404 589 488 intelligis
602 426 664 487 per
684 404 772 469 Deos
793 401 938 469 alanos?

224 510 331 576 Omne
360 511 410 588 id,
440 512 527 595 quod
552 512 696 577 homines
725 513 798 578 loco
830 512 896 577 Dei
925 512 950 577 fi

137 594 231 678 eique
251 596 382 681 propria
404 597 567 674 attributa,
591 620 689 684 opera
710 608 742 662 et
761 598 882 663 cultum
902 598 973 663 veri
1041 596 1051 614 '

136 680 270 765 profane
293 680 486 757 attribuunt,
507 693 543 745 ut
564 696 656 767 puta:

224 766 251 829 1.
273 765 367 830 Idola
387 767 541 853 gentium.

221 852 251 915 2.
274 850 435 937 Imagines
451 862 483 916 et
496 850 657 938 sculptilia
671 852 712 915 ad
726 851 847 915 cultum
862 850 1048 938 prestantia.

221 936 251 999 3.
274 934 386 1001 Sancti
407 936 566 1001 demortui
586 935 764 1003 invocandi.

219 1021 250 1084 4.
272 1021 365 1085 Bona
385 1022 493 1097 animi,
514 1044 552 1087 eo
592 1021 656 1087 oris
678 1033 710 1085 et
723 1021 880 1098 fortunae,
902 1020 965 1087 ade
1006 1042 1045 1085 ue

135 1100 208 1203 adia·
219 1106 360 1191 quaevis,
380 1107 414 1170 in
437 1107 554 1191 quibus
599 1107 721 1171 omines
744 1104 904 1171 confidere
925 1118 959 1173 et
1011 1126 1045 1171 o-

133 1208 210 1251 nan
230 1191 342 1255 solent.

204 1289 380 1361 (Quicunque
402 1291 475 1347 enim
493 1292 564 1345 haec
581 1295 673 1346 mente
696 1297 725 1345 et
743 1288 861 1359 affectu,
882 1290 991 1363 absque
1011 1288 1042 1345 fl-

134 1372 211 1412 morc
228 1358 284 1413 Dei
302 1360 487 1430 amplectitur,
506 1359 612 1414 alienos
633 1358 708 1413 Deos
726 1358 830 1413 habere
848 1358 957 1413 dicitur.
984 1356 1044 1423 Quo

134 1442 218 1481 sensu
238 1428 358 1492 avaritia
374 1429 463 1485 Paulo
483 1428 585 1482 dicitur
602 1428 811 1482 simulacrorum
828 1428 963 1491 servitus,
985 1426 1042 1483 0⁰1.

133 1496 161 1559 3,
180 1500 206 1562 6,
230 1513 330 1550 avarus
348 1497 486 1552 idolorum
505 1513 614 1564 servus,
635 1497 741 1564 Ephce.
762 1502 788 1562 5,
808 1500 834 1564 5,
853 1504 882 1552 ct
898 1495 1043 1567 impiorum

133 1569 231 1618 venter
248 1565 326 1620 Deus
346 1566 457 1634 dicitur,
474 1566 601 1635 Philipp.
619 1570 646 1633 3,
666 1567 710 1633 9.)

220 1684 271 1748 22.
304 1684 388 1763 Quid
409 1688 564 1771 aipnificat
584 1686 696 1752 trabere
716 1687 802 1752 Deos
823 1682 963 1749 alienos?

200 1784 370 1871 Significat
391 1798 446 1850 aut
466 1785 606 1864 nullum,
635 1797 688 1850 aut
710 1787 836 1873 plures,
869 1796 925 1850 aut
946 1785 1042 1851 alium

132 1882 259 1956 praeter
286 1894 386 1937 unum
414 1894 526 1935 verum
552 1872 747 2021 Eatefaetum
775 1872 884 1937 Deum
915 1871 1044 1947 habere,

133 1977 325 2034 conoscere,
347 1957 376 2021 ei
394 1956 510 2035 fidere,
532 1981 551 2021 a
595 1979 697 2042 eoque
720 1957 874 2021 auxilium
895 1967 928 2021 et
950 1976 1043 2043 opem

132 2012 256 2128 aisque
278 2065 353 2106 vero
375 2043 442 2106 veri
463 2042 527 2107 Dei
547 2043 661 2106 timore
682 2053 790 2128 petere
812 2064 850 2106 ac
871 2064 1010 2127 sperare.

174 2178 227 2243 23.
266 2178 349 2257 Quid
370 2178 466 2260 ipitor
486 2180 519 2240 ia
541 2179 596 2240 lioc
613 2189 777 2261 praecepto
795 2174 1005 2261 prohibetur?

218 2276 269 2339 Nc
291 2299 513 2360 quameunque
534 2277 758 2353 idololatriam,
778 2275 957 2361 imaginum
978 2272 1042 2339 oui·

131 2369 209 2437 tum,
232 2362 499 2446 superstitionem,
520 2373 702 2427 sanctorum
724 2373 779 2426 aut
800 2360 936 2425 aliarum
957 2381 1043 2425 oreo-

130 2453 274 2508 turarum
301 2446 534 2510 invocationem
561 2460 734 2523 sectemur,
768 2458 822 2510 aut
852 2464 1042 2529 quocunque

131 2529 228 2594 modo
249 2530 399 2595 fiduciam
419 2532 453 2595 in
474 2530 588 2595 iisdem
610 2532 811 2599 collocemus.

193 2649 244 2713 24.
276 2648 360 2726 Quid
379 2672 450 2714 vero
471 2653 504 2713 in
526 2654 629 2715 codem
649 2653 738 2716 nobis
758 2646 981 2735 praemietur?

216 2750 263 2815 Ut
273 2772 374 2815 unum
385 2750 489 2813 solum
499 2773 611 2815 verum
621 2750 729 2814 Deum
740 2748 925 2824 habeamus,
935 2748 1042 2833 ipsum

125 2832 220 2916 juxta
232 2835 366 2898 verbum
381 2835 574 2920 patefactum
586 2856 807 2920 agnoscamus,
823 2855 921 2932 super
935 2832 1044 2897 omnio

128 2917 307 2997 timeamus,
328 2920 512 2985 totocorde
534 2920 715 3004 diligamus,
737 2918 799 3003 ipsi
820 2919 881 2982 soh
900 2918 1043 2983 confida-

128 3026 210 3081 mus,
233 3004 263 3069 ei
284 3028 360 3069 vera
384 3005 560 3068 humilitate
583 3026 621 3068 ac
665 3004 795 3067 atientia
815 3025 875 3067 nos
890 3002 1045 3087 subjicia-

128 3110 215 3165 mus,
236 3089 406 3173 omniaque
429 3089 532 3152 abeo
558 3089 627 3153 solo
674 3111 736 3153 ona
758 3099 989 3175 exspectemus.

198 3206 216 3273 (
223 3205 346 3260 Virtutes
364 3222 431 3277 ergo
449 3222 483 3259 ac
500 3222 585 3275 opera
607 3207 693 3276 hujus
712 3206 864 3275 praecepti
882 3211 948 3259 sunt
984 3221 1046 3261 rae·

127 3272 211 3343 cipue
228 3280 344 3341 septem:
368 3274 524 3345 anguino
544 3274 612 3343 Dei,
639 3292 654 3329 e
677 3272 761 3329 verbo
785 3272 873 3343 ipsius
891 3277 959 3343 pate
