2250 3772
122 269 164 335 30
468 267 519 332 De
541 290 565 332 s.
588 279 697 330 sancta

120 437 172 492 col.
186 440 243 493 136,
253 435 294 490 A:
314 442 336 491 1.
351 433 486 489 Lucidum
505 434 560 488 dici
577 439 606 490 et
621 435 770 503 lucernam,
789 430 930 504 nonquod
948 428 1037 485 intel·

120 506 195 560 lectu
212 504 303 559 facilis
320 504 365 572 sit,
382 504 432 558 sed
450 504 525 574 quod
542 503 685 559 intellecta
705 520 768 557 cum
785 501 870 557 fuerit
888 498 1033 554 homiuem

119 573 264 628 illuminet.
295 573 341 628 Sic
357 572 430 628 enim
453 578 475 627 1.
488 571 617 628 effectum
635 589 736 627 causae
752 587 838 626 causa
855 572 936 623 esset
968 566 1033 623 Non

120 641 350 780 futuru
367 635 1033 776 iuruuucumuuu

121 797 215 835 omnes
234 779 311 834 coeci
329 779 392 833 sint.
420 778 486 833 Pari
498 780 580 833 modo
592 778 735 848 Scriptura
747 777 841 832 lucida
851 780 902 840 est,
919 772 1032 830 etiamsi

120 866 214 904 omncs
232 848 356 903 homines
373 848 467 902 oculos
485 847 522 902 ab
538 864 571 903 eu
582 854 716 902 avertant.
749 850 789 902 Et
802 846 875 900 nihil
888 853 936 925 cst,
954 840 1032 914 quod

121 917 224 987 excipit
238 916 306 971 ibid.
325 922 348 971 2.
367 916 430 972 Non
455 917 482 971 lo
502 916 532 970 ui
543 916 680 971 Davidem
693 917 728 972 de
738 916 867 970 universa
877 913 1030 981 Scriptura

119 986 258 1066 Loquitur
276 985 349 1040 enim
361 985 396 1039 de
413 990 473 1039 totu
484 935 559 1057 iege,
578 986 658 1040 Paul.
671 989 714 1054 19,
732 990 755 1054 8,
773 982 898 1039 meminit
917 982 943 1036 le
966 980 973 993 '
1002 984 1032 1034 et

120 1053 280 1122 testimonii,
297 1070 322 1108 v.
336 1060 359 1109 9.
378 1054 528 1124 praecepti,
563 1055 618 1108 uod
635 1054 826 1122 Hieronymus
843 1052 873 1106 in
890 1050 929 1104 Ps
990 1055 1029 1105 19.

120 1129 139 1176 t.
161 1128 184 1179 8.
213 1140 239 1192 p.
262 1128 302 1178 27.
327 1121 360 1176 Β,
390 1123 513 1193 explicat
538 1072 607 1178 iios.
632 1123 708 1177 Test.
736 1141 763 1177 v.
789 1128 828 1179 10.
851 1118 1030 1201 judiciorum

121 1197 145 1246 2.
164 1191 302 1246 Recenset
318 1190 477 1273 hujusmodi
494 1191 602 1260 effecta,
619 1208 691 1263 quae
710 1191 761 1246 soli
778 1190 836 1262 legi
851 1188 965 1242 minime
981 1186 1031 1241 ad·

120 1260 277 1324 scribenda,
295 1258 459 1328 laetificare,
480 1259 649 1329 illuminare,
667 1267 718 1314 etc.
763 1265 786 1314 3.
806 1258 982 1326 Aupustiaus
1001 1255 1031 1309 in

119 1328 221 1382 Psalm.
243 1334 299 1385 118.
318 1334 338 1382 t.
359 1334 382 1384 8,
401 1329 451 1383 col.
469 1327 584 1385 1385.C.
605 1329 640 1382 de
657 1328 742 1382 verbo
755 1328 816 1396 Dei,
837 1325 1031 1398 quodfactum

119 1401 162 1451 est
179 1398 215 1451 ad
232 1397 381 1468 prophetas
405 1404 433 1452 et
451 1396 487 1450 ab
506 1397 637 1466 apostolis
656 1397 847 1466 praedicatum
865 1396 1031 1464 interpreta-

119 1473 172 1522 tur.
212 1471 236 1520 4.
260 1464 287 1519 Α
305 1466 457 1546 ,contrariis
479 1465 660 1536 privantibus.
698 1473 722 1520 5.
746 1465 793 1546 Ab
817 1464 952 1535 oppositis
977 1476 1030 1533 par

120 1529 1030 1674 101113·1111·113311111133311111111.

120 1690 152 1725 cc
171 1671 329 1741 Scriptwria
347 1671 460 1740 divinia,
480 1689 660 1740 quaecunque
677 1672 837 1725 necessario
848 1678 921 1738 sunt,
940 1668 1030 1722 moui·

113 1742 197 1809 festo
214 1748 286 1794 auat.
316 1739 354 1794 Et
373 1741 537 1793 Lactantius
554 1741 572 1794 l.
591 1747 616 1797 6.
635 1740 719 1794 instit.
738 1739 792 1794 div.
810 1757 834 1794 c.
853 1744 895 1794 21.
913 1756 941 1808 p.
960 1743 1028 1799 aiu:

119 1811 196 1863 Num
213 1811 295 1863 Deos
312 1817 339 1862 et
355 1810 454 1862 meritis
474 1817 501 1862 et
525 1810 600 1863 uocis
627 1817 652 1862 ct
669 1810 782 1876 linquae
801 1809 907 1876 orlffec
926 1808 1031 1861 duma

119 1880 199 1948 ioqui
212 1897 268 1932 riori
279 1880 395 1947 potest!
412 1878 474 1933 [mo
492 1896 557 1932 uero
574 1896 681 1931 summo
699 1878 879 1947 prouidentia
895 1877 964 1938 fuco
981 1893 1030 1929 our

120 1965 182 2002 rere
199 1948 288 2001 uoluit
306 1965 348 2015 eo,
366 1964 439 2015 quoe
457 1947 650 2016 divinarunt,
668 1955 699 2000 ut
718 1965 812 2000 omnes
828 1944 1030 2016 iutelliperent‚

120 2033 191 2097 puae
211 2016 272 2086 ipsc
292 2017 417 2070 omnibus
433 2017 607 2087 loquebatur.
644 2019 756 2070 Errant
772 2015 858 2088 igitur
875 2016 1029 2086 pontificii,

119 2085 203 2153 impie
214 2084 376 2154 vocitantes,
391 2086 565 2157 evangelium
580 2086 699 2156 nigrum,
708 2083 877 2156 theologiam
890 2089 1029 2140 atramen-

120 2154 228 2221 tariam,
248 2157 432 2206 atramentum
450 2154 592 2217 sutorium,
611 2161 663 2208 etc.
691 2153 764 2209 Vide
782 2169 867 2223 supra
880 2159 988 2234 quaest.
1004 2159 1029 2209 3.

119 2222 283 2275 Assercntes
301 2221 367 2274 item
381 2221 551 2292 Scripturam
569 2238 629 2277 esse
648 2221 803 2290 obscuram,
821 2229 849 2276 et
867 2220 921 2276 nisi
933 2221 982 2278 lux
993 2240 1029 2278 ex

119 2289 314 2343 traditionibus
332 2289 358 2343 ei
377 2289 520 2359 inferatur,
536 2308 597 2345 esee
614 2306 703 2345 meras
723 2291 852 2346 tenebras
871 2294 900 2346 et
912 2305 1027 2362 errores,

119 2359 224 2411 Pistor.
245 2374 268 2411 c.
284 2363 308 2412 3.
326 2357 371 2413 all,
391 2358 439 2412 lib.
457 2377 484 2440 p.
494 2365 536 2414 36.
553 2360 591 2413 ad
608 2376 695 2441 marg.
713 2377 741 2430 p.
752 2367 783 2415 42
796 2366 824 2415 et
836 2366 878 2416 49.
904 2360 966 2413 Nec
981 2362 1028 2415 ob·

121 2434 176 2479 stot
196 2433 218 2481 1.
257 2425 312 2479 uod
331 2425 423 2480 David
443 2428 496 2481 sihi
514 2427 585 2497 petit
604 2429 664 2482 dari
681 2429 866 2492 intellectum,
884 2429 1028 2484 revelatio·

120 2511 184 2548 nem
201 2511 253 2548 ocu
264 2510 343 2548 orum
366 2501 419 2549 etc.
441 2497 523 2551 Paul.
543 2500 607 2565 119,
627 2502 667 2551 18.
685 2501 728 2551 34.
764 2496 838 2552 Vide
855 2497 1028 2552 Belloi-mic.

119 2562 137 2616 l.
157 2568 181 2618 3.
201 2563 236 2616 de
252 2563 328 2618 verb.
349 2563 411 2634 Dei,
429 2581 452 2618 c.
472 2570 494 2620 1.
513 2571 533 2618 t.
555 2571 576 2620 1.
594 2567 645 2620 col.
670 2572 726 2621 131.
745 2565 774 2620 O.
804 2565 881 2621 Nihil
898 2566 972 2621 enim
988 2567 1027 2622 ad

118 2630 277 2685 rhombum:
321 2632 368 2686 uia
392 2633 437 2688 hio
452 2634 545 2688 David
569 2652 668 2690 coccae
687 2640 803 2689 naturae
822 2635 1028 2704 corruptionem

120 2699 240 2770 respicit,
258 2706 287 2755 et
302 2650 532 2757 iiluminationem
542 2703 700 2758 interiorem
713 2703 831 2785 Spiritus
843 2704 931 2757 sancti
942 2711 1028 2777 atque

120 2783 262 2824 assensum
278 2770 363 2850 petit:
383 2771 451 2825 nihil
470 2789 534 2827 vero
554 2772 590 2828 de
608 2778 720 2827 externa
738 2771 935 2844 intelligentia,
953 2789 1029 2844 quae

118 2854 175 2891 non
197 2843 299 2893 renatis
322 2838 404 2893 etiarn
428 2840 571 2911 competit,
595 2842 671 2896 dicit.
708 2842 769 2894 Nec
789 2842 880 2895 obstat
903 2846 926 2896 2.
971 2843 1028 2897 uod

120 2904 246 2960 Christus
259 2905 400 2989 discipulis
409 2909 565 2980 Scripturas
574 2910 777 2978 interpretatus,
796 2913 863 2963 Luc.
874 2913 918 2963 24.
963 2914 1028 2966 dem

119 2973 186 3029 ibid.
203 2975 239 3029 D.
274 2974 382 3032 Vitiosa
399 2978 472 3033 enim
489 2979 555 3033 hino
578 2977 640 3032 colli
663 2977 728 3032 ‘turt
754 2979 787 3032 E.
806 2985 865 3033 tota
883 2977 1028 3049 Scriptura

120 3048 163 3097 est
179 3043 306 3098 obscura.
332 3050 356 3101 2.
373 3050 416 3101 est
434 3047 564 3102 elenchus
581 3047 640 3102 acci
662 3048 740 3102 entis.
767 3047 874 3103 Vitium
886 3048 961 3103 enim
972 3048 1028 3103 fuit

119 3110 148 3164 in
168 3113 309 3183 apostolis,
327 3118 467 3170 terrenum
480 3115 582 3170 Christi
599 3134 716 3188 regnum
730 3116 783 3170 sihi
794 3117 1025 3188 imaginantibus:

119 3196 175 3233 non
200 3180 230 3235 in
254 3181 385 3253 phraseos
407 3184 585 3255 ignoratione.
620 3188 680 3239 Nec
706 3187 798 3240 obstat
822 3191 845 3240 3.
870 3185 1027 3257 exemplum

119 3249 252 3319 cunuchi,
278 3251 342 3305 Act.
369 3257 399 3321 8,
425 3257 472 3307 30.
494 3256 537 3307 31.
572 3253 643 3308 Ibid.
664 3254 717 3309 col.
739 3259 794 3310 131.
812 3255 847 3309 A.
882 3253 934 3307 Est
952 3254 1025 3309 enim

119 3315 248 3373 elenchus
267 3321 392 3391 exempli.
420 3327 444 3378 2.
456 3321 606 3376 Eunuchus
620 3322 674 3377 fuis
685 3340 741 3379 non
754 3339 843 3395 usque
860 3322 931 3379 adeo
948 3339 1026 3379 exer·
