2250 3772
156 290 161 296 ·
239 258 241 262 ‘
289 245 342 310 De
367 245 471 310 forma
493 267 611 310 coenae
633 244 820 313 dominicae.
937 245 1013 311 ’565

187 412 216 480 5.
251 415 492 479 Sacramentulis
521 414 651 501 respicit
682 413 802 480 Christi
833 429 949 499 corpus
980 427 1012 479 et

96 497 291 598 sanguinem
331 500 438 584 quoad
471 499 695 577 substantiam,
730 502 902 584 spiritualia
935 522 1011 564 vero

96 579 266 648 Christum
287 585 394 668 quoad
421 585 576 650 beneficia
606 596 638 649 et
666 585 804 661 fructus,
836 606 918 668 quae
947 585 1010 648 fide

97 668 392 761 apprehenduntur.

188 754 217 821 6.
240 755 479 819 Sacramentnlia
500 778 566 819 non
587 766 635 819 est
655 755 796 818 omnium
823 765 1011 840 temporum,

96 859 206 921 neque
233 829 376 923 praecise
405 839 552 904 omnibus
580 840 777 903 adsalutem
798 850 846 902 est
865 861 1013 904 necessa·
1080 890 1097 911 .-

96 921 165 998 ria3
189 927 360 1008 spiritualis
382 947 457 989 vero
479 937 526 990 est
544 925 686 989 omnium
700 936 888 1010 temporum,
910 926 1013 988 omni-

96 1005 162 1106 bus
190 1007 267 1072 item
294 1008 473 1073 christianis
502 1009 644 1096 praecise
672 1009 713 1072 ad
743 1009 878 1073 salutem
903 1031 1013 1074 neces-

95 1113 186 1155 saria
206 1104 262 1158 est.

171 1190 366 1263 (Triumphum

96 1262 300 1324 eramentalem
317 1211 558 1317 maniilcationcm
576 1262 751 1326 debellatam,
768 1270 796 1317 et
806 1278 915 1317 nonmsr
931 1267 1011 1314 natu-

422 1198 468 1247 tur
487 1199 552 1249 ante
569 1193 713 1248 victoriam
732 1193 889 1274 cantillant,
902 1164 951 1273 qui
969 1209 1012 1246 sa·
1051 1218 1053 1223 ¹

94 1331 188 1385 nalem
211 1347 244 1384 ac
267 1331 438 1402 spiritualem
460 1331 582 1386 dandam
608 1347 667 1385 esse
689 1331 779 1400 plenis
804 1329 899 1385 buccis
918 1329 1013 1383 clami·
1093 1330 1098 1339 '

95 1403 172 1454 tant.
200 1398 276 1462 Quos
292 1401 353 1470 ipse
369 1405 463 1455 tamen
476 1400 589 1454 Sadcel.
602 1399 740 1453 distinctis
752 1399 833 1453 editis
844 1398 1012 1453 tractatibus
1100 1420 1101 1425 ¹

95 1467 189 1522 altero
209 1467 244 1523 de
261 1468 407 1538 spirituali,
426 1469 514 1523 altero
533 1469 568 1524 de
585 1469 780 1523 sacramentali
797 1468 1011 1523 manducatione

95 1537 226 1591 masculo
249 1537 386 1591 obtundit.
422 1537 507 1592 Forte
526 1555 563 1592 an
587 1536 627 1590 illi
648 1538 751 1592 oralem
770 1536 891 1607 corporis
909 1535 1012 1590 Christi

94 1604 129 1659 in
151 1621 238 1659 coena
256 1607 497 1660 manducationem
515 1624 578 1660 cum
595 1607 674 1658 Beue
690 1607 770 1676 epist.
792 1613 832 1660 70.
856 1605 910 1658 vol.
933 1612 957 1662 3.
982 1623 1011 1674 p.

96 1679 161 1729 284.
181 1672 326 1728 habebunt
344 1676 517 1745 cyclopicam
535 1681 563 1729 et
584 1674 704 1730 Satanae
725 1679 942 1730 excrementum:
967 1674 1013 1726 vel

96 1759 167 1798 cum
186 1744 340 1813 Zwinqiio,
358 1760 470 1798 carnem
490 1743 593 1798 Christi
610 1745 640 1796 in
658 1760 744 1798 coena
763 1742 941 1813 corporaliter
958 1742 1012 1811 edi,

95 1817 219 1946 pestem)
237 1818 363 1866 asserunt
389 1812 418 1866 in
444 1829 552 1884 exeges.
581 1813 617 1865 ad
644 1811 758 1879 Luther.
783 1817 855 1882 part.
885 1826 960 1880 oper.
986 1816 1011 1865 2.

93 2003 151 2068 44.
182 2003 371 2069 Demonstro
385 2028 467 2066 nnnc
480 2003 564 2087 mitt,
586 2005 693 2086 quibua
709 2004 924 2085 faurdamentis
939 2024 1012 2066 veru

96 2090 177 2153 haec
206 2100 233 2150 et
261 2089 471 2151 substantialis
501 2091 640 2173 corporis
663 2099 691 2150 et
713 2089 873 2171 aanpninia
896 2086 1014 2149 Christi

95 2197 172 2237 aum
192 2194 278 2256 pane
299 2184 327 2236 ct
348 2175 418 2235 nino
441 2175 473 2241 in
496 2197 534 2235 aa
559 2174 693 2236 Domini
714 2193 806 2236 coeno
822 2174 1011 2255 praesentia,

275 2259 471 2320 manducatio
493 2259 655 2320 (cohibitio
673 2255 847 2340 probetur?

188 2366 378 2430 Demonstro
402 2368 428 2429 1.
451 2365 540 2450 inde,
562 2365 638 2450 quia
660 2365 759 2429 verba
779 2366 960 2430 testamenti
981 2376 1013 2430 et

96 2449 310 2515 institutionis
332 2448 468 2515 Christi:
498 2452 556 2515 hoc
574 2463 620 2516 cat
639 2475 750 2537 corpus
771 2474 880 2528 meum,
898 2451 947 2514 tta
969 2462 1014 2515 eat

97 2537 350 2620 nunquamne,
382 2545 449 2598 tam
471 2536 557 2599 clara
577 2546 609 2599 et
625 2547 740 2622 ,aperta
763 2550 852 2612 sunt,
881 2546 916 2599 ut
936 2535 1012 2598 sim-

119 2619 227 2684 liciter
255 2618 429 2683 secundum
460 2620 585 2685 literam
617 2620 685 2685 sine
719 2619 805 2683 omni
837 2631 929 2706 tropo
958 2629 1013 2683 aut

94 2644 239 2792 figurata
259 2703 519 2790 interpretatione
540 2704 726 2790 accipienda
747 2703 818 2769 sint.
918 2727 921 2732 ·

171 2820 410 2889 (Demonstratum
428 2821 458 2874 id
478 2828 520 2877 est
536 2821 665 2892 pluribus
682 2822 712 2873 in
728 2819 978 2891 praecedentibus.)

187 2944 218 3008 2.
241 2939 328 3021 Quia
349 2941 495 3008 Christus
517 2954 649 3006 testator
667 2953 716 3005 est
735 2964 845 3024 verax,
875 2938 1013 3024 sapiens,

96 3027 313 3112 omnipotens,
334 3027 471 3112 ideoque
492 3026 536 3105 id,
558 3027 645 3111 quod
666 3027 744 3105 vult,
764 3023 918 3102 instituit,
937 3044 1013 3110 pro-

96 3111 199 3190 misit,
220 3112 271 3175 vel
294 3111 335 3175 ad
357 3124 470 3176 nutum
491 3125 653 3198 praestare
673 3121 788 3198 potest.

171 3227 246 3293 (Vid.
275 3244 361 3297 supra
386 3228 421 3282 de
450 3245 535 3282 eausa
560 3227 699 3283 efficiente
722 3245 824 3284 coenae
849 3225 1013 3284 dominicae.

99 3297 252 3360 Qamnodo
270 3297 425 3351 absurdam
443 3315 500 3352 non
516 3305 571 3367 cat,
594 3299 710 3351 credere
734 3305 854 3350 naturae
876 3297 911 3349 de
930 3295 1013 3348 rabac

1018 3412 1092 3544 Γ
