2250 3772
154 246 269 329 Quarto
287 270 393 334 praee.
406 286 450 297 -
470 248 524 313 De
544 249 734 335 magistratu
754 248 895 337 politico.
942 251 1002 316 101

99 417 145 483 18.
184 418 245 484 Sat
263 432 344 483 anor
367 421 568 504 mopistratoi
595 431 623 482 ει
644 420 856 504 superioribus
878 422 1005 502 quibua-

136 504 182 566 ιιι
193 504 370 589 promiscae
390 504 661 588 obtemperantiam
683 516 727 567 εει
747 507 780 567 in
806 504 966 567 omnibus?

182 618 219 685 In
239 620 390 687 omnibus
412 618 711 708 obtemperandum,
733 643 815 706 quae
836 645 901 686 non
922 644 1005 707 pug-

115 716 174 805 uant
186 718 296 771 eontra
305 706 414 770 Deum
433 729 470 771 ao
490 706 675 771 charitatem
683 707 834 806 proximi.
868 705 906 771 Si
918 707 1005 771 enim

119 788 176 871 qni
188 803 296 855 eontra
308 791 494 855 mandatum
508 791 573 855 Dei
588 803 795 878 praecrprunt‚
818 793 888 854 Deo
904 794 1004 877 propia

121 874 292 945 Mitridate
314 889 358 941 eat
377 900 471 962 poam
492 878 673 960 bominibus,
696 879 763 943 Aet.
785 876 816 962 5,
837 876 888 940 29.

169 992 250 1055 (liene
268 992 400 1047 Basilius
416 992 446 1046 in
465 992 561 1047 morai
578 1010 646 1049 sum.
666 999 706 1048 ta.
728 1008 752 1046 o.
771 999 796 1047 2.
817 999 837 1049 t.
853 1000 876 1050 3.
896 1011 924 1063 p.
938 999 1005 1049 509:

119 1062 277 1127 moratus
288 1062 547 1131 praeamiooottbus
564 1061 668 1129 subjici
692 1070 815 1130 oportet,
845 1064 876 1115 io
906 1063 1007 1131 quibua

122 1131 258 1183 rotomum
269 1130 331 1184 Dei
345 1148 401 1184 oon
417 1129 597 1198 impedierit;
614 1138 640 1181 et
648 1130 824 1199 Arpostr'ooa
836 1148 915 1187 serm.
928 1136 952 1186 8.
970 1131 1008 1184 da

122 1195 175 1251 verb.
191 1197 268 1254 Dona
292 1204 312 1253 t
335 1204 374 1253 10.
398 1198 449 1254 eol.
468 1204 509 1253 27.
528 1199 563 1252 A.
606 1199 755 1251 Amandus
782 1208 823 1252 eat
847 1207 1007 1267 perorator,

122 1266 159 1317 ud
166 1269 380 1338 praeponendae
399 1275 441 1320 eat
457 1274 576 1321 creator.
607 1265 693 1337 Ergo,
713 1268 737 1320 si
753 1267 940 1339 magistratus,
958 1283 1010 1337 pa·

122 1338 202 1413 tutes,
226 1339 440 1416 praeceptores,
460 1334 593 1406 juberent
611 1352 723 1389 auream
743 1342 864 1391 statuam
881 1337 1007 1404 adorare,

122 1398 254 1473 milidonem
275 1404 413 1459 sinceram
430 1409 590 1473 immutare,
610 1421 673 1457 oum
692 1404 812 1460 Daniele
832 1422 889 1459 non
908 1405 1006 1460 adora·

123 1462 216 1538 tuneo
232 1471 402 1535 immutabis,
421 1474 500 1526 Dan.
518 1476 544 1542 6,
562 1477 606 1531 10.
637 1472 667 1528 Si
684 1472 820 1540 insontem
837 1473 1008 1554 interficers3

122 1548 168 1592 un
177 1540 368 1596 obstetricibus
377 1542 504 1613 Aegypti
516 1559 571 1595 non
584 1540 742 1610 interficies,
760 1544 854 1597 Εεοιι.
867 1546 892 1603 1,
905 1546 947 1597 17.
975 1541 1006 1598 Sl

123 1612 195 1663 oms
205 1609 288 1665 fidem
296 1610 412 1681 proximi
422 1626 513 1681 agere,
523 1626 587 1664 oum
594 1608 750 1665 Tobianon
759 1626 835 1682 ages,
849 1612 915 1667 Tot.
925 1614 951 1675 2,
963 1613 1008 1667 21.

122 1666 162 1729 flio
178 1687 314 1733 εεειιεπιπε
362 1687 504 1733 otestatem
535 1680 657 1733 timendo
676 1688 861 1747 potentator,
887 1681 1008 1747 Aoprrot.

123 1755 180 1801 tum
195 1752 218 1804 b.
236 1748 272 1803 de
287 1696 365 1803 vetii.
376 1748 457 1803 Dom.
476 1747 629 1801 secundum
645 1747 745 1805 Matth.
763 1754 782 1804 t.
803 1755 842 1804 10.
861 1747 912 1805 ool.
922 1753 964 1803 23.
976 1747 1006 1806 0.

123 1799 245 1883 Eiegmer
255 1816 387 1871 Socrates
396 1816 472 1885 apud
480 1816 630 1869 Plotorsem
640 1815 669 1869 in
682 1815 792 1888 apolog.
803 1816 935 1872 Socrati.
947 1822 1004 1873 139.

123 1882 312 1960 &tdjudioem
331 1903 389 1948 roa,
407 1884 507 1955 inquit,
526 1902 542 1936 o
558 1884 617 1938 oiri
624 1884 815 1951 Athenienses,
835 1886 1005 1954 complector

122 1952 209 2012 Mem
225 1962 252 2007 ει
269 1972 348 2021 am03
367 1961 398 2007 ot
408 1955 473 2007 Deo
485 1953 680 2022 potiusquam
695 1955 772 2007 vobio
784 1952 1005 2021 obtemperabo.)

123 2062 158 2135 19.
185 2082 273 2139 Anne
287 2077 380 2139 eiiam
394 2075 625 2158 mapistratibus
640 2074 823 2160 infidelibus,
847 2076 1007 2159 improbis,

222 2160 347 2244 iniquis,
370 2159 502 2241 injustia,
524 2169 569 2223 εει
589 2159 881 2242 obtemperandum?

184 2258 243 2322 Est
260 2261 372 2346 otique.
409 2259 471 2323 Est
491 2257 577 2322 enim
590 2258 719 2322 illorum
734 2269 875 2343 potestas
890 2283 910 2324 a
922 2259 1008 2337 Deo,

122 2330 191 2440 Rom
205 2345 255 2421 13,
277 2345 306 2409 1.
343 2342 485 2442 Ideoque
507 2343 792 2442 obtemperandum
805 2369 870 2410 non
884 2355 1008 2409 tantum

122 2412 263 2505 bisibus,
295 2427 354 2492 sed
380 2438 412 2492 et
436 2427 636 2505 mfidehbus,
670 2432 698 2494 l.
725 2430 802 2496 Tim.
823 2430 855 2517 6,
877 2431 907 2511 2,
940 2453 1006 2495 non

100 2502 218 2576 'finium
238 2511 396 2589 humanis,
417 2512 475 2577 sed
497 2512 593 2577 etiam
606 2510 735 2597 iniquis,
757 2513 786 2578 1.
802 2515 885 2581 Petr.
901 2517 932 2592 2,
957 2517 1006 2580 18.

121 2580 200 2687 lique
227 2608 298 2661 tum
326 2608 457 2683 propter
482 2597 563 2661 iram
585 2597 664 2675 Dei,
694 2610 761 2661 tum
779 2610 910 2685 propter
932 2620 1008 2663 con-

121 2679 271 2760 uniam,
290 2682 383 2748 Rom.
410 2684 458 2759 13,
481 2683 512 2748 ὃ.

174 2797 267 2865 (Deua
282 2815 400 2868 rapport
419 2806 560 2853 terrenum
573 2799 635 2867 piis
652 2808 678 2852 et
696 2799 791 2868 impio
809 2803 875 2862 dat,
892 2801 964 2852 aiorrt
982 2799 1011 2853 ei

119 2852 201 2947 plora
217 2868 265 2920 oui
281 2868 353 2921 ottit
372 2868 477 2937 injuote
491 2868 589 2937 placat
608 2874 656 2922 eto.
687 2868 754 2920 Etsi
772 2869 866 2921 cauria
884 2868 1010 2934 oocobtr'e,

122 2926 213 2993 'ww
235 2944 329 2990 tamar
355 2952 512 3004 nonquam,
533 2935 574 2990 ait
590 2937 712 3003 Aurora
730 2937 748 2990 l.
768 2942 792 2994 ι.
820 2936 855 2990 de
872 2936 923 2991 aiv.
944 2936 1009 3004 Dei,

121 3004 169 3064 “1³-
180 3007 217 3059 21.
235 3011 256 3059 t.
274 3010 298 3059 b.
317 3003 369 3058 ool.
387 3010 437 3059 323
455 3010 484 3058 et
503 3009 561 3059 324.
576 3003 613 3060 A.
631 3004 717 3076 idque
734 3010 895 3075 propterea,
914 3013 945 3057 ut
964 3005 1010 3058 bo-v

120 3074 198 3139 ’,Μ
208 3073 353 3141 patientia
365 3074 512 3155 probetur,
530 3081 556 3126 ot
566 3073 707 3126 malorum
717 3074 854 3140 iniquitas
905 3073 1011 3139 riatur,

122 3128 180 3189 *dtu
194 3138 226 3195 de
241 3146 301 3197 nat.
318 3140 386 3197 bom
404 3146 477 3197 oont.
495 3140 617 3197 Manioh.
637 3156 661 3198 o.
681 3146 723 3196 32.
741 3146 760 3197 t
779 3146 803 3197 b.
823 3158 875 3195 oo.
895 3148 953 3196 559.
972 3141 1008 3198 D.

121 3192 181 3271 li¹80
194 3212 312 3279 tyranno
329 3210 460 3278 serviant,
478 3209 503 3263 si
516 3215 631 3291 praeter
646 3210 694 3279 jus
714 3215 743 3264 et
762 3226 883 3281 aequum
902 3212 1010 3281 suppri-

123 3278 225 3348 untur,
241 3278 264 3332 si
282 3278 394 3349 injustis
410 3277 626 3348 expilationibus
642 3277 854 3348 exhauriantur,
872 3279 1012 3349 patienter
