2250 3772
104 222 145 286 78
346 221 452 308 Caput
470 221 496 288 I.
541 221 594 284 De
615 220 780 306 decalogo.

105 387 171 444 vinc
187 389 375 470 comprobato.
415 389 502 461 βιιῇιιι
525 389 589 443 finis
609 406 659 459 per
684 406 714 444 sc
739 389 828 445 bontas
846 393 876 443 et
893 404 952 443 nec

106 457 164 511 rius
182 464 232 527 est,
248 459 370 530 idipsum
388 459 472 514 etiam
483 459 588 514 bonum
599 466 628 512 et
638 458 825 513 necessarium
838 462 891 513 est.
923 455 952 513 01

104 526 243 597 siquidem
260 529 333 582 actio
351 528 514 583 aestimatur
530 527 594 582 fine.
629 528 690 580 Nec
710 529 815 595 obstat,
841 526 919 597 quod
940 525 952 580 (

108 600 168 649 stus
191 596 301 650 disertis
325 598 418 652 verbis
442 611 543 667 praece
564 597 586 649 it
608 596 712 648 Mattlt.
730 601 762 664 5,
782 599 835 649 34:
866 611 904 649 ne
919 595 952 664 ju

106 664 226 718 omnino.
253 663 363 735 Colloq.
380 614 570 720 Franclemi.
588 670 640 718 art.
659 672 682 720 5.
699 671 752 718 act.
772 669 815 721 21.
838 682 866 735 p.
887 668 937 719 37³

106 732 232 787 Christus
247 736 322 788 enim
340 751 396 788 non
415 735 514 797 omnia,
535 733 585 788 sed
600 732 694 786 futilia
703 739 816 787 tantum
828 739 856 788 et
870 736 952 786 temer

102 804 262 872 juramenta
278 803 324 857 hic
342 804 486 885 prohibet,
503 819 536 856 ac
555 801 784 857 consuetudinem
800 801 952 883 pharisaeo]

93 869 197 942 ¹facile,
215 870 279 942 cito,
299 873 398 927 leviter
416 878 445 926 et
461 871 646 942 incogitanter
658 870 782 940 jurandi,
799 889 830 925 ιιι
840 870 875 923 iis
891 886 952 950 neg<

106 956 179 1062 ffis
198 956 248 1009 per
266 950 307 995 est
327 950 354 996 et
371 960 427 994 non
442 939 560 1010 transigi
573 946 699 1020 possunt,
718 940 839 996 damnat.
869 938 923 992 Est
933 954 952 1009 ιι

175 1008 221 1063 cia
237 1028 255 1065 a
276 1011 351 1064 dicto
368 1009 521 1064 secundum
533 1009 610 1079 quud,
628 1009 664 1062 ad
677 1009 742 1065 dict.
756 1007 927 1078 simpliciter.

106 1077 212 1146 gebant
236 1079 309 1134 enim
331 1077 469 1147 pharisaei
490 1083 600 1132 tantum
622 1077 746 1147 perjuria
769 1076 895 1130 damari
917 1074 952 1129 hc

105 1155 264 1216 praecepto,
283 1154 311 1202 et
328 1165 384 1201 non
398 1149 556 1218 juramenta
574 1145 657 1200 etiam
675 1145 731 1199 alia
747 1162 804 1199 non
816 1143 952 1200 necessari

108 1217 268 1284 temeraria,
286 1215 393 1270 licitum
411 1231 471 1269 esse
488 1231 553 1269 vero
572 1215 602 1267 in
617 1213 750 1268 familiari
766 1230 890 1269 sermone
909 1217 952 1283 et]

106 1283 168 1338 licis
187 1284 358 1340 commerciis
376 1284 453 1337 inre
472 1299 545 1336 vana
565 1287 594 1337 et
609 1284 664 1337 levi
680 1286 789 1354 jurare,
813 1283 896 1338 modo
915 1299 952 1337 ιιο

107 1352 162 1406 Dei
187 1372 244 1408 non
268 1353 463 1408 nominaretur.
503 1351 626 1423 Ideoque
650 1352 740 1406 varias
765 1351 952 1407 adhibuerunt

107 1419 189 1474 randi
205 1422 352 1490 formulas,
369 1437 420 1490 per
436 1420 557 1487 coelum,
583 1437 634 1491 per
651 1426 766 1489 terram,
789 1437 841 1490 per
858 1419 952 1475 Hieros

109 1505 196 1554 mam,
219 1508 270 1560 per
292 1496 377 1559 caput
398 1496 449 1544 etc.
478 1494 609 1559 putantes
626 1488 669 1542 his
687 1489 755 1559 ipsis
772 1507 872 1544 nomen
888 1487 945 1544 Dei

107 1557 256 1628 profanari.
289 1559 329 1612 At
344 1558 469 1612 Christus
488 1565 584 1612 contra
602 1559 691 1626 docet,
712 1576 772 1614 esse
783 1559 952 1628 haecjnram

107 1644 164 1680 non
183 1627 351 1694 necessaria,
377 1626 535 1692 temeraria,
559 1644 623 1680 cum
646 1629 761 1698 negotia
785 1646 836 1698 per
855 1636 897 1681 eat
915 1635 943 1681 ct

108 1697 225 1769 transigi
244 1696 360 1767 possint,
378 1696 496 1765 ideoque
513 1701 541 1750 et
559 1695 665 1764 illicita,
684 1702 712 1751 ct
730 1697 851 1751 secundo
870 1696 952 1765 h0c1

108 1770 190 1835 cepto
209 1766 348 1820 damnata.
385 1764 507 1817 Proinde
526 1764 626 1818 vocula
644 1767 756 1819 omnino
775 1781 830 1819 non
844 1765 952 1819 refertus

107 1837 225 1891 verbum
246 1832 376 1905 jurandi,
402 1833 452 1887 sed
478 1833 515 1886 ad
541 1832 682 1902 subjectas
706 1833 846 1889 temerarii
865 1835 952 1903 jnran

14 1904 25 1929 ²
108 1904 253 1973 formulas,
277 1904 350 1957 inter
364 1901 489 1957 ludaeos
506 1901 633 1957 usitatas.
670 1902 716 1958 Sic
733 1909 762 1957 et
779 1902 952 1973 explicandus

107 1974 186 2028 locus
208 1973 316 2027 Jacobs·
331 1972 371 2040 ’5,
395 1976 438 2025 12.
486 1974 598 2026 Errant
621 1971 708 2041 igitur
734 1973 944 2041 anabaptictac,

108 2043 202 2098 omnia
226 2042 337 2095 omnino
360 2042 519 2110 juramenta
541 2055 611 2109 pure
635 2045 663 2095 et
681 2040 843 2111 simpliciter
862 2039 952 2096 chrisd

107 2112 248 2182 prohibita
267 2114 402 2163 asserant.
440 2107 514 2164 Vide
526 2111 585 2163 Dc.
600 2109 734 2166 Clemm't.
752 2115 824 2180 part.
835 2116 858 2164 2.
879 2109 933 2164 loc.
949 2133 952 2156 ι

108 2180 207 2251 explic.
224 2182 365 2248 praecept.
379 2181 406 2234 2.
422 2195 449 2246 p.
460 2184 501 2232 51.
517 2184 546 2233 et
556 2178 645 2248 seqq.)

276 2297 327 2360 51.
365 2294 449 2373 Quid
469 2321 539 2362 cero
562 2310 606 2361 est
617 2296 852 2381 juramentum?

194 2419 256 2482 Est
276 2412 415 2478 nominis
437 2413 537 2478 divini
551 2416 721 2492 attestatio,
742 2437 807 2498 qua
820 2415 929 2479 Deum
951 2441 952 2447 ¹

107 2505 224 2568 borum
255 2510 437 2564 nostrorum
467 2510 581 2564 testem
615 2500 816 2577 invocamus,
856 2501 944 2583 quod

108 2589 197 2675 quod
218 2586 335 2651 scimus
350 2595 382 2648 et
391 2585 560 2663 sentimus,
582 2584 650 2648 sine
665 2585 751 2649 omni
766 2585 952 2650 dissimulati

108 2674 198 2741 effati
218 2672 333 2746 simus,
355 2670 571 2755 eundemque,
595 2670 622 2733 si
644 2671 779 2735 scientes
800 2670 952 2735 fefelleris

106 2758 229 2828 fraudis
249 2767 378 2822 nostrae
398 2754 556 2820 vindicem
576 2753 724 2839 petimus.

275 2893 326 2959 52.
358 2890 531 2977 Quotuplec
552 2904 596 2955 eet
608 2890 853 2975 jusjurandum?

192 3009 342 3098 Duplex:
363 3008 486 3073 licitum
508 3009 560 3074 vel
580 3009 734 3073 illicitum.

177 3125 355 3210 (Distrinutio
379 3126 449 3208 haec
467 3127 622 3208 sumitura
640 3127 786 3209 sulrjectiq,
809 3145 911 3210 nempe
927 3146 952 3184 re

109 3199 145 3255 de
161 3196 264 3269 quinus
283 3210 382 3266 Jnrare
401 3195 516 3250 hcrtum.
550 3196 630 3251 Alias
654 3197 844 3251 danncnones
861 3197 952 3254 vider

108 3265 244 3325 Clima
261 3263 385 3335 proxime
402 3264 483 3335 alleg.
501 3265 553 3320 loc.
572 3265 609 3321 de
624 3265 809 3336 juramentis.)
