2250 3772
386 227 561 313 Appendix
581 226 613 295 Ιι

255 396 312 457 Qut
327 414 378 450 tros
390 397 491 465 pascis
510 396 556 450 tto
574 396 715 463 mortales,

253 466 330 520 Teos
348 466 401 519 tibs'
416 465 621 528 commensales,

254 532 429 589 Cohaeredes
447 542 472 588 et
490 535 606 595 sodales

284 604 347 658 Fae
362 609 523 656 sanctorem
540 603 648 656 cirtem.

112 687 196 754 Quod
215 695 354 758 superest:
453 732 458 741 .

324 773 457 828 Genitori
474 772 620 842 periteque

250 845 330 896 Laus
348 851 374 896 et
386 842 533 912 jubilatio,

253 911 350 977 Sales,
368 912 466 978 horror,
482 911 572 964 virtus
590 926 698 981 quoque

253 980 298 1035 Sit
315 989 341 1033 et
359 979 528 1047 benedieti03

251 1050 424 1103 Procedenti
441 1049 477 1101 ab
494 1056 610 1116 utroque

253 1117 375 1187 Compar
392 1117 429 1170 sr‘t
448 1117 588 1174 laudatio.
622 1118 721 1170 Amen.

390 1307 600 1317 ——----—

127 1417 130 1425 ’
305 1446 688 1531 ΑΡΡΕΝΒΙΧΙ

74 1608 108 1672 Ε
124 1605 354 1687 QUATUOR
368 1608 605 1677 SYMBOLIS
619 1607 954 1676 CONCILIORUM

283 1693 713 1762 OECUMENICORUM.

143 1861 230 1940 Quae
249 1866 325 1929 dieis
347 1877 479 1950 quatuor
500 1865 629 1928 eoncilia
651 1863 859 1928 oecumenica?

128 1980 211 2046 Iste:
242 1983 413 2061 Nieerrurrr,
435 1982 522 2067 quod
545 1980 741 2046 celebratum
762 1992 811 2047 est
831 1980 954 2047 Nieeae

74 2121 77 2130 .
107 2066 261 2152 Bithynia
292 2091 375 2133 anno
397 2069 480 2153 325,
513 2067 708 2152 Imperatore
741 2065 952 2132 Constantino
1066 2088 1069 2095 ’

74 2152 184 2237 tegno,
216 2153 250 2217 in
282 2175 346 2239 quo
378 2153 529 2217 damnata
558 2152 619 2215 fuit
648 2152 848 2238 blasphemia
867 2151 951 2238 Arii,

74 2235 99 2300 1i
118 2236 281 2302 Deitatem
305 2236 426 2304 Christi
445 2237 670 2324 'oppugnabat

131 2322 517 2410 Constantinopolitenem,
554 2323 642 2407 quod
677 2323 873 2388 celebratum
905 2333 953 2388 est

74 2407 333 2493 onstentinopoli‚
347 2430 430 2473 anno
447 2407 568 2473 Christi
582 2410 662 2485 381,
683 2408 833 2494 Imperat.
849 2407 956 2472 Theo·
1078 2432 1081 2439 ·

74 2491 134 2556 ›sio
156 2493 297 2571 seniore,
325 2492 360 2556 in
381 2516 445 2577 quo
467 2494 616 2557 damnate
636 2493 697 2556 fuit
718 2493 859 2558 haeresis
880 2492 961 2590 Ms-

74 2576 187 2656 edonii,
207 2579 263 2662 qui
289 2578 453 2643 Deitatem
475 2576 560 2664 Spir.
582 2602 607 2644 s.
628 2578 808 2645 infestabat.
850 2576 955 2642 Inter·

74 2673 134 2727 ent
153 2663 298 2750 episcopi
319 2664 389 2729 150.

127 2749 332 2832 Ephesr'num,
347 2748 435 2831 quod
450 2747 645 2813 celebratum
659 2758 707 2812 est
720 2746 854 2832 Ephesi,
870 2767 954 2812 anno

74 2832 122 2896 hr.
149 2833 230 2911 431,
262 2833 411 2918 Imperet.
440 2832 624 2897 Theodosio
649 2832 793 2915 juniore,
823 2831 857 2895 in
890 2843 954 2915 quo

74 2917 257 3004 rplosa'fuit
275 2917 416 2983 haeresis
438 2916 589 2998 Nestorii,
612 2916 667 3001 qui
681 2927 799 3004 negata
813 2939 955 2980 eommu-

74 3001 201 3068 estione
221 3000 409 3068 idiomatum
440 3026 480 3067 ex
501 3025 565 3067 una
585 3025 723 3087 persona
738 2999 859 3066 Christi
873 3001 953 3064 (lues

74 3087 191 3152 siebat.
234 3088 414 3153 Intererant
435 3087 578 3174 episcopi
599 3088 680 3164 230,
704 3108 841 3170 quorum
862 3108 956 3171 prae-

74 3172 133 3272 pui
162 3183 252 3238 erant
284 3172 426 3258 Cyrillus
458 3171 697 3238 Alexandrinus
728 3181 760 3235 et
787 3170 957 3238 Juvenatis

74 3257 367 3345 ierosolymitanus.

740 3364 787 3406 ss·

980 3424 1052 3593 Ιθ
