2250 3772
105 233 148 296 74
344 229 450 318 Caput
471 233 496 300 Ι.
541 234 594 300 De
616 236 781 322 decalogo.

199 403 251 470 45.
295 402 381 479 Quae
403 415 446 466 est
467 405 557 488 liujus
577 407 737 490 praecepti
756 407 905 470 sententio

190 521 357 586 Debemus
389 521 497 585 Deum
524 522 635 586 timere
663 533 694 586 et
724 523 877 608 diligere,
899 548 908 588 1

40 606 45 614 ’
104 629 222 672 nomen
251 607 320 689 ejus
348 606 575 691 imprecemur,
603 606 846 687 maledicamus,
863 611 908 694 ju]

105 693 313 767 incantemus,
335 692 535 768 mentiamur,
557 702 612 756 aut
625 691 708 756 dolis
727 693 876 758 fallamus
882 719 892 772 3

107 777 255 843 omnibus
285 776 528 840 necessitatibus
557 776 637 840 illud
663 777 862 856 invocemus,
892 802 908 845 e

105 862 280 948 gratiarum
302 861 425 926 actione
446 861 623 929 laudemus.

175 978 263 1046 (Finis
287 977 370 1050 hujus
395 979 616 1061 praeceptiest,
644 985 677 1034 ut
703 979 764 1035 Deo
793 981 898 1036 cultum

105 1048 212 1103 dietum
229 1052 371 1102 externum
395 1064 462 1102 vera
478 1066 598 1104 nomime
614 1049 702 1118 ipsius
729 1049 903 1106 confessione

104 1117 260 1173 lebratione
277 1116 407 1186 privatim
425 1121 454 1171 et
469 1117 582 1187 publice
601 1117 777 1185 deferamus.)

272 1273 323 1338 46.
362 1270 446 1347 Quid
466 1273 620 1355 siqnipioot
640 1295 749 1336 nomen
764 1272 851 1337 Det?

193 1393 220 1454 1.
243 1391 259 1455 Ι
283 1412 354 1454 sum
374 1391 492 1466 Deum,
514 1392 618 1454 Erod.
645 1390 694 1466 13,
717 1390 747 1454 3.

191 1477 221 1540 2.
278 1475 411 1539 ttributa
430 1475 502 1551 Dei,
524 1477 629 1540 and.
651 1475 703 1552 34,
726 1475 755 1540 6.
778 1475 807 1540 7.

193 1564 221 1626 {i
245 1561 454 1627 Voluntatem
486 1558 552 1623 sive
584 1560 770 1624 mandatum
805 1557 888 1635 Dei,

62 1733 68 1746 ⁴
191 1733 220 1796 4.
245 1729 352 1796 Omne
382 1730 477 1807 illud,
507 1730 594 1814 quod
623 1729 663 1793 de
685 1730 756 1794 Deo
787 1728 821 1791 in
843 1727 908 1793 Scri

106 1818 281 1883 revelatum
304 1825 365 1891 est,
394 1815 428 1878 in
450 1816 583 1899 ejusque
605 1813 767 1890 notitiam,
791 1813 908 1877 cultum

105 1903 195 1980 riam,
218 1901 465 1967 celebrationem
487 1911 519 1964 et
533 1899 767 1984 professionem
787 1898 901 1983 vergit,

105 1992 135 2066 4,
157 1988 187 2054 5.
232 1989 338 2052 Actor.
360 1987 412 2063 21,
437 1987 487 2051 13.

130 2157 181 2220 47.
222 2156 378 2236 Quomodo
400 2179 510 2219 nomen
531 2155 596 2218 Dei
616 2155 784 2217 oseurnitur
805 2154 838 2216 in
860 2177 908 2217 eat

192 2271 228 2337 Si
251 2272 300 2336 vel
320 2284 449 2356 temere,
471 2271 590 2334 frustra
610 2282 642 2335 et
663 2271 788 2347 leviter,
810 2270 860 2335 vel
882 2271 908 2335 fa

107 2356 337 2421 contumeliose
358 2378 476 2420 nomen
497 2355 562 2420 Dei
583 2378 773 2441 usurpamus
784 2403 793 2432 ,
814 2367 851 2418 ut
872 2378 908 2440 pt

106 2464 164 2529 per
184 2463 302 2506 nomen
317 2441 385 2525 ejus
400 2440 621 2541 imprecamur,
644 2440 863 2516 convitiamur,
885 2464 908 2504 n

107 2527 218 2604 cimus,
240 2527 430 2612 pejeramus,
453 2538 662 2602 meantamus,
679 2525 849 2589 mentimur
863 2548 908 2588 au·

106 2611 256 2677 fallimus.

175 2727 258 2796 (Dico
276 2733 381 2782 temere
400 2733 429 2781 et
444 2727 561 2790 frustra,
579 2732 611 2780 ut
628 2726 740 2797 quando
758 2744 801 2781 res
821 2725 890 2781 levis

105 2797 161 2852 lius
178 2796 311 2852 momenti
329 2802 378 2860 est,
397 2812 469 2868 quae
487 2813 543 2850 non
559 2795 654 2867 magni
671 2794 711 2860 fit,
731 2797 780 2850 sed
800 2795 908 2866 ‹leapici¹

105 2866 223 2922 eandem
239 2881 291 2936 per
304 2865 409 2934 jocum,
428 2869 605 2932 contemtum,
626 2870 655 2918 et
673 2872 775 2919 temere
788 2863 908 2919 nomen]

104 2934 223 2991 hssietur.
255 2935 425 2996 Brotihetwr
443 2941 535 2987 autem
552 2933 597 2986 tic
618 2933 701 2999 illud,
723 2935 800 3002 quod
810 2934 903 2986 minua

104 3004 193 3059 multo
209 3004 302 3073 napis
315 3003 488 3072 prohibitam
505 3003 641 3068 copitctur
651 3001 743 3070 ¹illud,
762 3004 840 3071 qaod
856 3018 908 3069 ma,

105 3071 136 3128 si
149 3072 223 3127 enim
243 3071 273 3125 in
288 3089 392 3125 vanum
406 3071 602 3126 assumendum
616 3087 671 3124 non
691 3076 733 3124 est
749 3087 851 3125 nomen
859 3068 908 3124 De:

105 3140 301 3196 multominus
318 3139 536 3210 profanandum,
556 3138 805 3209 blasphemandum
826 3144 879 3194 etc.

105 3224 140 3263 ec
159 3210 263 3265 Marta
283 3212 320 3262 12
348 3212 393 3264 36.
418 3208 533 3277 dicitur,
557 3207 629 3263 ratio
653 3207 796 3263 reddenda
820 3214 862 3262 est
883 3208 908 3261 d<

104 3278 192 3336 asso
208 3278 306 3334 otioso.
324 3249 358 3336 t.
377 3278 464 3333 multo
481 3277 569 3348 magis
588 3277 623 3331 ce
640 3276 784 3341 masura,
802 3275 908 3347 blasph,
