2250 3772
79 350 83 359 Ι
164 263 231 329 614
502 260 679 347 Appendix
700 259 745 327 II.

167 432 281 485 trabere
302 427 519 483 matrimonium.
560 431 637 482 Nom
654 430 827 482 mandatum
844 430 907 484 Dei
931 439 959 485 et
976 432 1079 485 ordina·

164 501 270 554 tionem
298 498 359 551 Dei
385 498 467 551 nulla
497 498 542 550 lea
565 499 703 555 bumana,
728 498 844 550 nullum
870 507 967 553 votum
991 500 1079 554 tollere

161 576 266 637 potest.
303 569 350 620 Ea
367 567 411 620 bie
429 568 523 619 caurio
540 568 641 620 docent
659 569 835 633 sacerdotes,
853 568 913 621 eibi
926 569 1013 622 licere
1024 586 1080 623 tiro·

167 653 215 691 rer
234 638 344 689 ducere.
382 633 497 688 Conotat
516 637 600 688 etiarn
618 636 649 688 in
666 635 787 689 ecclesia
806 637 909 704 veteri,
927 640 1077 691 sacerdota

158 704 259 773 fuitne
277 704 403 757 maritae.
446 706 522 756 Nam
540 712 566 757 et
583 704 696 757 Paulae
713 704 773 773 ait,
836 706 968 775 &copam
990 706 1079 776 elipen-

167 775 235 827 rlam
254 789 327 831 ecee,
352 772 402 839 qui
425 773 462 824 eii
483 773 611 826 marinco.
655 774 696 825 Et
721 773 753 825 in
811 776 950 828 armenia
968 777 1080 845 primun

166 850 232 895 ante
252 857 342 893 annot
359 841 581 908 quadrinpentoo
603 843 767 895 cacerdoiee
789 842 823 895 oi
844 844 944 896 coacti
965 853 1027 897 eunt
1047 844 1080 896 ad

166 909 351 976 coelibatum,
376 909 427 976 qui
449 911 564 990 quidem
582 912 656 964 acleo
674 910 827 963 aduncati
843 921 930 980 eunt,
954 921 986 966 ut
1002 912 1078 966 areli·

164 978 315 1060 epiecopue
327 978 522 1046 Mopuntinao,
539 980 734 1048 publicaturue
752 979 881 1032 edictam
892 983 1013 1035 romani
1022 998 1080 1050 pon-

164 1046 267 1113 toficie,
293 1046 328 1097 eie
348 1061 383 1098 ea
402 1062 434 1098 re
447 1063 523 1114 pene
543 1049 579 1100 ab
596 1048 680 1100 irata
698 1049 901 1101 cacerdotibuo
914 1066 975 1131 per
991 1050 1079 1104 tumui

166 1123 229 1168 tum
248 1130 401 1236 oppremere
419 1116 465 1168 eit.
500 1117 541 1169 Et
558 1134 604 1170 ree
621 1124 700 1186 perta
718 1123 761 1168 eet
782 1124 846 1169 tam
864 1118 1038 1184 inciviliter,
1054 1126 1079 1171 u

167 1201 224 1237 non
242 1200 275 1235 eo
288 1201 335 1235 um
346 1184 527 1252 imposterum
539 1186 674 1254 conjupia
681 1185 921 1253 prohiberentur,
942 1190 997 1242 ced
1009 1188 1081 1242 etun

162 1252 334 1335 praecentio
351 1259 450 1305 contra
470 1255 565 1307 omnia
577 1256 651 1323 jura
671 1253 771 1306 diuina
788 1262 817 1306 et
836 1255 977 1323 bumana,
994 1264 1081 1310 conae

167 1339 247 1391 rpooe
266 1322 350 1374 etiam
377 1338 499 1375 canonae
523 1324 628 1387 factor,
654 1340 710 1376 non
735 1322 832 1375 coliem
858 1342 879 1377 a
896 1326 1078 1393 pontificibur,

168 1392 221 1443 ced
238 1408 257 1441 a
277 1390 486 1443 laudatieeimio
503 1393 619 1458 cynobio
639 1392 881 1449 dirtraberentur.

239 1459 279 1511 Et
296 1476 357 1510 cum
375 1468 532 1512 eeneocente
550 1462 655 1514 munrlo
668 1460 816 1528 paulatim
840 1469 956 1514 aalma
972 1464 1080 1517 numum

123 1554 126 1561 ·
164 1527 222 1593 fiat
238 1526 414 1589 imbecillior,
436 1530 563 1582 convenit
579 1530 760 1598 proepicere,
778 1545 815 1580 ne
829 1530 928 1598 plura
950 1532 1020 1585 vitia
1033 1546 1080 1585 ecr-

165 1602 241 1663 pant
264 1596 294 1646 in
316 1594 509 1649 Germaniam.
544 1599 642 1652 'Porro
668 1599 749 1650 Deae
771 1597 902 1652 increuit
922 1601 1079 1671 conjupim,

168 1670 200 1715 ut
218 1671 289 1716 eeeet
311 1665 467 1717 remedium
492 1667 631 1719 hnmanae
654 1666 839 1729 infimitatis.
885 1669 957 1736 Ipei
974 1685 1079 1725 canona

168 1740 288 1786 veterem
305 1734 429 1801 riqorcm
448 1735 590 1789 interdum
604 1735 812 1803 posterioribue
832 1738 1012 1804 temporibus
1023 1754 1080 1808 pro

164 1810 233 1871 pter
250 1802 471 1855 imbecillitatem
488 1804 630 1856 bominum
646 1804 800 1857 locandam
812 1820 875 1857 ecee
889 1806 1001 1875 dicunt,
1017 1806 1081 1876 quoi

170 1873 327 1938 optandum
352 1879 403 1939 eet,
431 1880 463 1924 ut
480 1876 538 1941 fiat
562 1881 588 1926 et
611 1874 641 1925 in
663 1874 714 1926 boc
732 1873 858 1938 neqotio.
894 1874 943 1928 Ac
965 1877 1079 1930 aanor

170 1941 297 1992 eccleoiie
321 1940 477 2008 aliquando
502 1942 634 2005 defuturi
649 1949 794 2011 pociores,
819 1941 850 1993 ei
867 1943 982 1997 diutine
994 1943 1078 2014 probi·

170 2009 268 2062 beatur
296 2010 463 2077 conjuginm.
502 2012 571 2064 Cam
596 2019 688 2063 autem
716 2017 802 2062 enatet
829 2014 1002 2066 mandalum
1026 2012 1077 2077 Dei,

174 2096 236 2129 cum
247 2096 306 2131 mos
320 2079 454 2131 eccleciae
466 2087 549 2131 noim
565 2080 611 2142 eil,
630 2097 691 2132 cum
703 2079 834 2147 impurae
853 2082 1013 2135 coelibatus
1024 2082 1078 2163 piu·

170 2147 246 2199 rima
263 2149 363 2215 pariat
382 2148 538 2215 ecandala,
556 2148 702 2201 adulteria
727 2154 752 2201 et
770 2146 835 2199 alia
852 2150 978 2220 scelera,
1003 2153 1077 2221 mona

170 2216 415 2268 animadversione
449 2216 515 2269 boni
544 2218 738 2283 mapiotratue,
774 2223 872 2268 lamen
905 2220 1011 2272 mirum
1036 2225 1077 2284 eci,

170 2282 253 2335 nulla
276 2284 306 2335 in
330 2301 362 2336 re
383 2286 520 2353 majorem
546 2287 671 2338 coerceri
692 2285 824 2337 novitiam
844 2302 936 2352 quam
957 2291 1077 2342 adoerm

169 2352 332 2420 conjapiam
359 2356 546 2407 cacerdotam.
583 2356 665 2407 Deae
681 2353 826 2422 praecipit
843 2355 955 2409 bonore
974 2359 1076 2421 aficere

170 2421 341 2503 conjupium.
377 2426 465 2491 Lepci
483 2423 512 2475 in
531 2424 658 2475 omnibus
674 2421 883 2490 rebuepablicio
902 2425 973 2478 bene
991 2423 1075 2480 condi

169 2498 250 2559 iulio,
268 2490 353 2543 etiam
372 2493 453 2558 apud
469 2492 619 2560 Etbnicoe,
642 2492 771 2543 maximio
791 2491 952 2546 bonoribue
978 2508 1077 2547 ornaoa

169 2567 244 2613 runt.
287 2560 326 2612 At
345 2578 418 2612 nureo
437 2561 606 2628 capitalibus
619 2577 722 2628 poento
745 2561 965 2632 enarmonium,
988 2572 1013 2616 et
1064 2560 1075 2598 '-

171 2630 235 2681 clem
270 2631 431 2682 sacerdotes
462 2638 559 2682 contra
588 2646 726 2682 canonum
756 2628 950 2693 uoluntatem,
984 2632 1030 2685 nui
1055 2646 1076 2681 n

170 2698 260 2749 aliam
279 2698 312 2750 ob
331 2715 452 2765 caucam,
468 2698 526 2750 niti
537 2707 660 2767 propter
677 2696 848 2766 conjupium.
879 2700 995 2753 Paulae
1010 2704 1075 2754 maai

171 2768 331 2819 doctrinam
344 2768 565 2833 daemoniorum,
577 2784 649 2835 quae
655 2766 784 2835 probibet
791 2767 971 2838 conjupiam,
982 2775 1005 2826 1.
1016 2769 1073 2822 Tin

170 2839 197 2903 t,
212 2841 236 2888 1.
249 2838 274 2889 2.
305 2836 346 2888 Id
357 2836 448 2901 facile
459 2854 533 2888 nrinc
544 2836 776 2904 imcllipipoteet,
787 2852 851 2886 oum
866 2837 974 2890 talibuo
983 2834 1075 2908 ouppli·

171 2904 224 2957 ciio
240 2905 395 2973 prohibitio
411 2905 538 2973 conjuqii
550 2905 725 2969 defenditur.
750 2902 829 2955 Sicut
841 2913 939 2958 autern
952 2907 1030 2960 noim
1042 2907 1076 2959 la

171 2974 295 3027 bumana
301 2981 396 3042 poteri
408 2976 571 3026 mandatam
586 2973 645 3026 Dei
656 2973 764 3039 tollere,
776 2971 818 3024 ita
827 2990 882 3025 nec
896 2983 992 3029 cotum
998 2978 1075 3045 politi

170 3042 270 3096 tollere
288 3045 453 3096 mandatam
466 3043 531 3096 Dei.
558 3042 686 3096 Proinde
699 3040 783 3094 etiarn
799 3038 968 3109 Cyprianus
981 3045 1074 3107 madii,

172 3120 203 3163 nt
222 3113 354 3167 niulieree
375 3113 487 3179 nubant,
507 3128 579 3179 quae
599 3129 655 3165 non
677 3116 790 3164 eeroont
803 3112 986 3177 promiscam
1005 3109 1073 3167 carti-

171 3186 264 3238 tatrm.
310 3182 401 3235 Verba
423 3183 486 3250 rjae
509 3188 573 3233 cant
596 3181 678 3247 baec,
707 3179 727 3234 l.
746 3182 762 3231 1
781 3194 825 3246 ep.
844 3183 898 3232 11.·
939 3182 976 3236 Su·
997 3189 1074 3234 amem

183 3264 353 3304 ›cremerore
369 3251 481 3313 nolunt,
505 3257 555 3302 aui
571 3267 626 3303 non
638 3255 772 3331 peccunt,
795 3246 901 3302 melino
918 3259 975 3321 eei,
993 3259 1022 3304 ut
1034 3264 1073 3301 na

167 3262 252 3381 bunut,
271 3334 355 3387 orium
374 3327 406 3372 ut
424 3319 454 3372 in
472 3318 565 3388 iqnem
582 3318 695 3372 deliciis
712 3316 771 3371 onio
790 3317 916 3388 cadant,
934 3328 1008 3375 corre
1023 3314 1074 3373 ui

133 3520 172 3527 ...-
