2250 3772
317 264 370 330 De
391 246 528 351 persona
549 264 678 332 Christi.
886 265 952 333 25ss

86 432 200 505 ¹titissto
210 433 385 504 propriorum
397 431 507 488 divinae
516 438 545 488 et
554 431 691 488 hnmanae
700 436 823 488 naturae.
843 439 867 488 3.
879 431 949 487 Sub·

86 507 123 557 ato
136 502 288 573 raesptivo,
310 502 341 555 in
377 518 414 555 uo
430 500 493 569 fiat,
517 518 619 573 nempe
637 501 747 556 Christo
767 501 941 574 ssavspamp

86 570 143 626 ddits
165 572 331 627 limitatione
358 519 586 626 ienominationis
612 572 657 625 vel
681 572 718 626 ab
744 571 880 626 alterutra
904 543 950 625 vei

86 646 161 713 mque
186 646 288 695 natura
311 638 411 695 factae.
453 639 477 693 E
501 639 603 711 quibus
625 656 702 711 seqq.
730 645 859 695 constant
884 655 949 694 oon·

86 709 168 764 tassia
208 716 230 764 1.
257 709 476 764 C'ommaas‘sats'a
495 709 661 762 idiomatum
685 717 725 762 est
749 709 863 762 ursionis
880 725 949 777 par·

86 779 152 831 matis
166 779 295 848 affectum
310 777 368 830 sios
385 778 577 831 immediatmo
593 794 763 846 consequens
778 776 885 842 (ordine
901 793 951 831 na·

86 861 139 913 aas,
158 864 214 901 nou
236 849 379 916 tempore).
418 852 442 901 2.
467 844 568 918 Itaque
591 865 648 901 oon
665 855 706 900 est
716 848 820 914 forma
837 846 951 899 unionis

86 916 209 970 armatis.
246 915 306 970 aa
322 921 345 971 3,
367 915 403 967 ab
418 916 517 968 eadem
535 915 647 984 differt,
669 921 692 970 1.
710 920 743 968 ut
759 915 836 985 prius
857 921 885 970 et
902 931 951 984 po·

86 982 157 1048 terius,
178 990 202 1039 2.
221 989 254 1037 ut
270 987 465 1055 argumentum
486 989 514 1037 et
531 984 664 1054 quaestio.
700 983 743 1037 Ex
766 984 950 1038 communica·

86 1065 126 1106 one
144 1051 215 1106 enim
237 1052 401 1107 idiomatum
418 1051 544 1123 arguitur
562 1053 640 1120 unio,
667 1055 696 1107 et
715 1057 819 1107 eontra.
856 1060 880 1108 4.
900 1051 951 1105 Fit

86 1118 159 1188 sipsa
173 1137 302 1190 persona
323 1129 406 1190 atqua
428 1124 470 1174 ss'e
493 1121 523 1174 io
542 1128 671 1174 concreto
687 1123 802 1191 p'ropter
818 1121 950 1176 unionem

86 1191 260 1258 ypostatieam,
278 1206 334 1243 non
351 1188 499 1258 separatim
517 1189 575 1244 siva
593 1188 705 1244 seorsim
723 1189 752 1243 in
769 1189 821 1244 hae
837 1190 883 1245 vel
901 1189 951 1244 illa

86 1261 158 1328 stura,
178 1258 266 1314 multo
290 1257 381 1327 miuus
400 1263 477 1312 extra
495 1259 632 1312 unionem.
666 1258 767 1329 Itaque
791 1265 815 1314 5.
832 1277 888 1313 noo
907 1259 950 1311 in·

86 1334 143 1393 um,
165 1345 183 1380 a
206 1344 264 1396 qaa
281 1325 409 1381 Christos
429 1327 588 1380 substantia
614 1325 669 1393 (vel
685 1326 763 1381 Deus
787 1327 832 1382 vel
854 1327 948 1392 homo)

86 1394 216 1464 amamur,
243 1413 305 1450 oum
323 1395 543 1464 inseparabiliter
561 1400 690 1450 manente
706 1396 813 1450 unitate
831 1412 950 1466 persona

86 1457 124 1517 lem
140 1464 174 1519 sit
189 1469 218 1519 et
236 1469 311 1518 totus
329 1463 447 1518 hominis
463 1463 537 1517 iilius
554 1472 669 1535 propter
694 1481 805 1520 sarnam
829 1471 857 1519 et
873 1470 950 1519 totus

86 1529 110 1583 tei
122 1531 185 1587 fliius
201 1538 316 1616 propter
333 1550 418 1586 unam
436 1549 499 1586 eum
516 1532 602 1587 Patre
620 1533 759 1588 deitatem.
792 1536 851 1587 Leo
869 1534 948 1604 epist.

86 1602 102 1650 t·
117 1602 145 1655 ad
166 1619 259 1672 spisso
281 1643 286 1654 .
305 1601 424 1656 Palaest.
448 1619 474 1672 p.
496 1608 553 1657 152.
571 1601 604 1655 B.
639 1601 732 1658 Unam
754 1611 839 1656 oeta:
863 1620 950 1684 quum

86 1671 152 1739 thes,
179 1621 347 1742 quanioqus
366 1670 585 1726 communionem
604 1676 632 1725 at
649 1670 778 1725 unionem
792 1687 951 1752 promiscue

86 1749 107 1787 το
120 1754 166 1794 sno
182 1745 211 1795 et
226 1739 325 1795 eodem
341 1744 462 1808 ponunt,
486 1755 536 1810 per
552 1740 772 1795 communionem
790 1740 951 1812 intelligunt

86 1814 111 1856 ⁰1¹
124 1807 389 1863 mmmunisationem
406 1808 570 1862 idiomatum
587 1808 697 1880 proprie
712 1809 752 1862 sio
770 1809 882 1872 dictam,
901 1809 951 1864 sed

86 1878 260 1933 musmonem
288 1881 466 1944 naturarum,
497 1894 568 1948 quae
595 1884 637 1932 est
665 1876 774 1931 unionis
796 1876 951 1947 'personalis

86 1950 140 1997 tras
175 1948 283 2002 Contra
302 1946 493 2013 Samosatam.)

102 2077 139 2147 lh
170 2083 280 2162 Qualis
302 2095 346 2147 est
366 2086 427 2148 ista
448 2085 681 2147 communicatio
703 2083 908 2147 idiomatum?

100 2278 106 2293 ι
131 2200 188 2266 Est
207 2225 284 2267 vera
303 2201 460 2278 sareulis,
481 2201 624 2286 adeoque
637 2200 828 2286 personalis3
852 2203 952 2285 qualis

86 2297 132 2348 mm
149 2300 191 2352 est
210 2291 294 2362 unio,
317 2288 387 2350 tah's
409 2289 499 2350 stiam
521 2300 565 2350 est
584 2290 766 2351 idiomatum
787 2289 951 2350 commuui-

86 2370 136 2454 sm,
153 2372 236 2459 apol.
249 2371 304 2435 lib.
328 2370 474 2435 concord.
497 2396 520 2436 o.
534 2371 564 2437 4.
579 2375 609 2456 f.
625 2371 675 2436 90.
691 2396 719 2437 a.
741 2394 777 2435 sa
795 2369 950 2434 Nazianz.

121 2483 174 2550 OEst
189 2504 256 2543 vera
274 2504 308 2541 aa
326 2487 417 2555 realis,
436 2488 502 2558 quia
518 2488 548 2541 in
565 2487 605 2542 rei
622 2486 738 2542 veritate
758 2487 870 2543 exsistit.
898 2489 951 2543 Est

86 2556 210 2626 sanans,
237 2556 304 2626 quia
323 2555 356 2610 fit
379 2556 409 2610 in
427 2573 546 2626 persona
565 2556 680 2624 Christi,
704 2556 733 2609 iu
757 2573 813 2626 qua
833 2562 950 2612 naturae

86 2624 236 2702 ttetnnitae.
272 2624 372 2696 Itaque
399 2633 421 2682 1.
440 2642 495 2679 non
521 2630 565 2680 est
585 2624 731 2679 nominalis
756 2642 804 2679 seu
822 2625 950 2694 verbalis,

86 2696 143 2759 tem
158 2695 235 2748 nuda
250 2694 392 2747 nominum
409 2694 561 2749 mutatione
579 2701 608 2749 et
623 2692 750 2747 ἀλλιώσει
765 2699 872 2747 tantum
886 2695 951 2748 sub·

86 2754 131 2811 stit,
155 2761 200 2818 Sio
219 2762 292 2816 enim
310 2762 512 2831 nominetenus,
529 2780 585 2817 nou
596 2780 661 2818 vere
675 2763 752 2816 Deus
770 2769 842 2817 esset
859 2770 950 2831 natus,

86 2834 150 2883 taus.
190 2831 297 2886 Contra
315 2833 478 2886 Nastoriaa.
503 2839 529 2885 et
553 2832 724 2901 Zwinpliau.
768 2833 828 2884 Neo
851 2832 950 2895 obstat,

86 2892 127 2952 sot
145 2898 202 2969 ipse
222 2899 362 2955 Lutherus
405 2899 499 2954 hrasin
522 2901 662 2968 nominat,
689 2898 753 2954 vide
774 2899 889 2953 Gesner.
915 2900 951 2954 ds

86 2971 153 3039 ttius
170 2967 271 3022 christ.
290 2969 350 3038 cap⁴
369 2917 418 3022 uit.
438 2986 503 3039 pag.
518 2975 582 3038 ³293
601 2968 731 3040 iutelligit
742 2968 814 3022 enim
828 2968 950 3038 phrasin,

86 3038 155 3097 ‚illios
174 3036 269 3106 subsit,
294 3038 381 3092 veluti
398 3038 458 3108 ipse
479 3037 601 3108 seipsum
619 3038 741 3108 explieat
760 3037 788 3089 in
806 3037 889 3107 capit.
911 3043 950 3091 14.

86 3092 150 3155 *titt
166 3111 188 3159 t.
207 3105 321 3161 denaus.
347 3124 432 3177 germ,
459 3106 505 3161 fol.
525 3113 556 3161 85
575 3123 651 3177 seqq.
689 3105 772 3158 Adde
792 3106 889 3163 Hono.
914 3106 950 3161 de

86 3174 167 3227 Mssa
182 3173 284 3228 Christi
301 3181 321 3231 t.
344 3183 365 3229 1.
384 3175 435 3230 ool.
455 3181 513 3229 269.
532 3175 566 3230 de
584 3182 652 3230 sent.
670 3174 706 3229 D.
728 3173 851 3229 Lutheri.
886 3174 950 3230 Nou

86 3232 142 3305 ,Μ
156 3242 304 3298 essentialis
320 3258 372 3298 neo
392 3243 539 3311 naturalis,
561 3244 601 3297 ita
618 3248 650 3297 ut
668 3260 725 3297 uua
740 3248 841 3296 natura
858 3260 949 3298 essen·

86 3296 135 3357 ὼ
147 3324 203 3365 suas
219 3311 403 3383 proprietates
415 3313 610 3369 ulteri‘tradat.
633 3312 679 3368 Sia
697 3311 770 3368 enim
790 3319 951 3384 sequeretur
986 3383 990 3393 ·

740 3397 782 3441 17·
