2250 3772
109 236 176 302 492
316 232 424 320 Caput
444 233 503 301 IV.
541 232 594 298 De
614 232 789 320 baptismo.

110 402 257 459 materiam
280 407 309 458 et
328 403 455 458 formam.
489 400 627 468 Quoniam
649 401 707 457 alia
725 407 813 474 atque
830 400 883 457 alis
896 416 920 457 aa

111 473 184 528 teria
199 478 229 527 et
245 471 335 527 forma
358 471 455 543 hujus,
481 471 537 525 alia
559 475 646 542 atque
669 471 728 526 alia
744 471 835 526 istius.
871 469 920 527 Η

111 549 205 624 arata
227 542 258 597 V.
277 542 440 623 Peraeae
462 542 585 621 ammae·
599 547 626 593 et
643 542 772 610 staterae,
800 540 838 594 N.
858 540 920 594 Μ.

110 627 177 732 :foena
183 626 451 748 simii-awai
467 608 920 747 igtsgnmffintsfflm

110 748 269 801 absolutam
292 748 441 816 iamaiaem
465 755 491 800 et
514 747 637 801 antidora
662 746 859 804 substantiam.
898 744 920 800 Ρ

111 823 136 872 4.
160 815 305 884 aionas-wat
330 816 580 868 sacramentalium
603 822 782 870 eateraeram
803 816 836 872 V.
861 816 920 874 n«

111 886 153 938 ad
173 902 227 937 aaa
248 885 362 953 siqaata
380 890 421 936 est
437 891 545 936 tamtam
559 892 790 952 repraesentatae,
810 885 920 953 praesta

110 953 290 1021 adumbrare,
307 970 363 1006 aaa
381 969 447 1006 aera
465 951 559 1020 speum
576 953 719 1021 danaum
734 955 858 1018 (earnem
870 958 920 1008 ets

110 1037 174 1075 nem
190 1020 317 1082 Messiae.
337 1037 410 1091 quae
426 1026 487 1074 tum
504 1021 627 1074 nondum
645 1019 724 1075 fuera
740 1037 828 1076 oonoa
849 1026 880 1075 ta
898 1026 920 1077 et

110 1089 247 1144 exhibere.
284 1089 331 1144 sio
356 1106 421 1143 earo
445 1094 474 1143 et
498 1089 612 1159 sanguis
635 1088 702 1160 agni
724 1106 745 1159 p
845 1089 852 1102 '
886 1106 920 1145 na

109 1157 119 1212 i
140 1174 246 1212 saeero
260 1164 288 1213 et
299 1159 413 1228 sanguis
422 1156 532 1226 Christi,
552 1159 601 1213 sed
614 1157 674 1228 ejus
801 1164 920 1229 typnas

152 1232 215 1281 ntra
231 1226 261 1280 in
273 1226 307 1282 N.
320 1227 352 1281 T.
367 1227 446 1297 panis
466 1233 494 1282 et
507 1227 603 1281 vinum
615 1243 672 1281 non
684 1233 750 1282 sunt
781 1244 881 1298 garae,
897 1245 920 1283 m

109 1295 377 1366 repraesentationes
396 1296 518 1366 eorporis
536 1301 564 1351 et
581 1312 630 1350 san
672 1295 725 1349 'nis
743 1295 861 1364 Christi,
879 1297 920 1351 ια’

109 1364 269 1432 munieatio,
288 1368 313 1423 1.
327 1363 451 1419 Cariath.
470 1367 513 1432 10,
536 1367 579 1418 16.
674 1373 725 1419 ant
741 1364 831 1436 igitur
850 1364 920 1421 Calo

129 1433 159 1486 ui
177 1434 207 1486 in
223 1449 300 1488 mera
317 1432 397 1504 signa
414 1433 449 1489 N.
467 1433 542 1488 Test.
558 1441 731 1488 sacramenta
748 1439 916 1490 convertunt

131 1501 258 1556 'crimen
287 1510 520 1557 sacramentorum
544 1502 654 1557 tollunt.
694 1502 761 1559 vid.
793 1503 889 1561 Urnis.
914 1521 920 1556 t

109 1569 207 1641 explic.
251 1576 337 1628 Ast.
365 1576 395 1626 et
421 1571 537 1628 Sadeet.
563 1571 611 1626 lib.
636 1570 672 1626 de
697 1577 864 1628 sacrament.
891 1589 920 1627 m

109 1654 185 1708 corp.
254 1638 312 1696 rist.
336 1639 439 1711 object.
458 1645 483 1695 4.
509 1656 574 1711 pag.
598 1645 647 1695 300
672 1657 749 1762 squ.
788 1641 849 1698 Ubi
872 1641 920 1695 mit

109 1708 184 1830 quod
201 1707 296 1763 futura
315 1709 391 1763 bona
409 1708 443 1765 N.
464 1708 551 1777 Test,
576 1724 693 1779 qnorum
735 1710 772 1763 al.
791 1713 819 1777 2,
838 1712 873 1764 17
889 1715 919 1764 et

94 1842 98 1853 1
128 1780 154 1845 0,
172 1782 188 1831 1
206 1778 308 1833 mentio
325 1777 367 1846 fit,
383 1777 417 1832 de
433 1777 529 1832 futura
547 1793 597 1847 per
613 1776 698 1832 fidem
714 1777 744 1831 in
768 1775 911 1833 Christum

108 1845 331 1980 ixrlrtessretantur.
368 1846 449 1902 Bona
475 1846 548 1900 enim
573 1845 623 1900 ille
646 1845 743 1901 futura
769 1863 827 1901 non
851 1847 920 1901 fueri

216 1915 266 1969 sed
283 1920 392 1969 tantum
409 1921 475 1969 sunt
493 1913 522 1968 in
535 1915 569 1971 N.
598 1913 696 1968 Gratia
711 1920 807 1970 autem
824 1932 875 1985 per
890 1914 920 1970 fit'

110 1981 250 2038 Christum
270 1983 324 2038 fuit
341 1983 424 2038 etiam
443 1983 473 2037 in
490 1982 555 2039 Vet.
574 1982 659 2048 Test„
677 1987 705 2038 et
724 2000 776 2054 per
794 1985 911 2039 eandem

108 2052 216 2121 salvati,
233 2054 298 2106 Art.
308 2056 351 2122 15,
365 2058 403 2109 11.
429 2051 529 2122 Agnus
546 2052 618 2106 enim
629 2052 736 2106 occisus
747 2052 784 2107 ab
796 2053 920 2125 origines

107 2122 199 2190 Apoc.
218 2125 269 2190 13,
286 2126 310 2176 8.
351 2120 406 2185 Qui
428 2120 461 2174 Ε.
484 2120 576 2192 gratia
599 2119 702 2176 Christi
724 2125 753 2176 et
776 2120 903 2176 efficacia

108 2190 169 2244 e‘us
193 2190 268 2244 bona
294 2190 344 2243 illa
360 2189 456 2244 futura
475 2189 585 2244 essent?
611 2189 660 2260 qui
677 2189 775 2244 itidem
792 2189 828 2245 V.
843 2199 872 2245 et
887 2190 920 2247 N.

108 2207 463 2382 statement.
482 2274 648 2398 tetre
657 2258 732 2393 3...
756 2258 854 2314 f...
876 2259 920 2331 ...

152 2472 201 2536 19.
240 2471 320 2552 Quot
349 2484 421 2535 estat
441 2483 635 2535 sacramenta
658 2470 747 2534 Novi
772 2472 920 2537 Tertama

194 2589 288 2668 Duo,
310 2587 488 2674 baptismus
511 2596 543 2651 et
564 2608 664 2651 coena
684 2587 856 2656 dominica.

83 2710 90 2737 ι
126 2743 178 2809 20.
216 2743 303 2807 Unde
318 2742 439 2824 probae
461 2762 524 2803 esse
545 2751 664 2802 tantam
684 2743 745 2804 duo
768 2754 797 2804 et
817 2765 879 2807 noa
892 2738 920 2823 pi

393 2823 437 2888 N.
460 2825 494 2890 T.
516 2824 733 2890 sacramenta?

189 2924 280 2989 Iade.
323 2923 412 3005 Quia
435 2928 462 2990 1.
483 2946 593 2989 omnes
616 2934 648 2987 et
674 2924 762 2989 solae
784 2924 857 2991 illae
874 2920 920 2989 aeti

103 3007 137 3072 N
137 3007 190 3072 ovi
204 3007 411 3094 Testamenti,
432 3010 548 3093 quibus
566 3008 709 3073 definitio
725 3007 920 3076 sacramenti¹

104 3092 242 3176 demque
263 3093 417 3179 requisita
438 3093 619 3159 necessaria
640 3106 841 3183 competunt,
867 3102 920 3158 sunt

104 3192 274 3245 eramenta.
317 3178 441 3243 Eadem
469 3201 544 3243 vero
575 3178 635 3242 soli
663 3179 823 3266 baptismo
845 3192 873 3244 et
890 3195 920 3241 ee

104 3261 282 3327 dominicae
305 3275 498 3348 competunt.
526 3265 567 3331 E.
