2250 3772
110 256 175 324 414
246 254 352 343 Caput
373 257 417 323 IL
459 257 512 321 De
534 256 682 342 symbolo
704 220 889 345 apostolico.

110 433 164 482 tur.
192 424 312 496 Reliqua
330 429 502 497 arguments,
520 440 592 497 ques
612 426 649 480 ab
668 412 879 480 univcrsfslitsts
896 422 999 481 dilcctis·

112 495 156 550 nis
170 495 238 564 Dei,
263 494 416 575 vocationis
439 500 468 548 et
490 494 703 575 promissionum
729 493 948 566 evangelicarum
962 493 1001 547 lu·

111 570 219 633 cuntur,
235 564 361 618 adhibito
378 562 554 643 drstinctrons
570 563 721 619 voluntatis
739 563 853 617 divinae
869 560 938 617 dilui
954 576 1001 633 pu·

111 631 926 771 illt'nfiliilillieiillndisllimsiiffimffdiiiiiil
935 644 1002 755 tl:

112 770 261 826 ordinetur.
288 770 412 840 Ideoque
434 769 471 823 sb
487 767 536 822 ille
556 770 615 824 sols
630 769 795 825 electionem
808 769 900 841 ipsum
918 766 1002 825 inus

111 845 154 894 est
171 838 373 909 inconsequens
393 837 542 908 colligere.)

111 975 139 1039 9.
173 972 257 1052 Quid
287 986 388 1040 antem
419 996 530 1038 caueae
562 984 621 1050 eet,
656 976 738 1059 qnod
765 995 831 1039 non
861 980 1000 1039 omncsd

111 1059 231 1143 sinpuls',
253 1061 362 1144 quibus
383 1059 570 1143 eeanpelinns
591 1059 810 1133 annunciatur,
827 1058 928 1138 fidem
947 1058 999 1123 inde

275 1144 457 1226 concipiunt,
477 1145 603 1207 credunt
622 1153 651 1206 ct
672 1141 854 1207 salvantur?

194 1239 300 1307 Causa
320 1265 524 1327 nequaquam
553 1253 601 1307 est
625 1243 659 1307 in
678 1243 769 1328 Deo,
798 1242 857 1327 qui
882 1241 997 1307 scrioct

108 1326 255 1392 ardenter
275 1329 343 1391 vult
364 1350 473 1392 omnes
493 1328 534 1392 ed
560 1326 756 1414 agnitionem
782 1327 926 1392 veritatis
944 1346 996 1415 pcr-

109 1411 233 1495 venire,
259 1413 287 1476 1.
315 1415 389 1478 [lim.
411 1414 449 1489 2,
470 1414 509 1491 4,
542 1435 647 1496 neque
675 1413 710 1476 in
737 1412 837 1478 verbo
860 1406 993 1498 evangeli
1033 1448 1036 1489 ι

108 1496 309 1582 praedicato,
332 1498 418 1581 quod
440 1496 473 1561 in
494 1520 529 1562 se
550 1510 599 1562 est
618 1497 761 1583 potentis
782 1497 849 1563 Dei
869 1498 913 1563 sd
931 1494 994 1561 selu·

108 1593 173 1645 tem
194 1581 281 1645 omni
302 1583 458 1660 credenti,
484 1585 575 1646 Rom.
598 1585 626 1659 1,
651 1584 690 1658 6,
712 1593 744 1647 et
769 1582 851 1647 odor
872 1576 992 1647 vitsesl

107 1666 213 1751 vitam,
236 1668 266 1733 2.
289 1665 405 1751 Con2,
422 1669 471 1745 16,
494 1667 550 1731 sed
571 1689 636 1731 una
657 1678 689 1731 et
709 1665 779 1731 sols
799 1666 835 1731 in
852 1660 991 1731 hominm

107 1750 212 1837 posits
233 1763 281 1815 est
300 1750 430 1817 arbitrio
450 1763 482 1817 et
496 1750 583 1829 vitio,
603 1752 660 1837 qui
673 1752 805 1816 verbum
822 1751 873 1817 vel
888 1748 989 1817 omnin
1034 1820 1036 1837 Ι

108 1848 312 1901 contemnunt
332 1848 363 1901 et
382 1859 448 1901 non
470 1837 612 1914 audiunt,
633 1849 665 1902 et
686 1837 732 1901 sic
752 1836 882 1923 ipsimet
902 1858 921 1901 o
1034 1844 1036 1861 '

107 1921 186 1986 tioni
208 1921 346 2007 Spiritus
367 1921 468 1986 sancti
489 1922 575 1986 varie
597 1922 748 1986 resistunt
755 1946 765 1999 3
794 1921 831 1985 id
853 1854 990 2019 qnodss·

109 2005 237 2072 rabolae
266 2008 305 2071 de
334 2028 433 2071 coena
454 2028 588 2092 magna,
617 2007 694 2070 Lne.
720 2007 858 2084 14,16,
885 2002 989 2092 nnpnit,

107 2092 220 2158 Marso.
240 2092 293 2169 22,
318 2093 353 2168 3,
375 2103 407 2156 et
431 2114 519 2177 egro,
541 2091 619 2156 Luc.
642 2092 671 2177 8,
695 2092 752 2170 12,
772 2090 918 2159 innuunt

176 2207 250 2273 (Huc
268 2208 543 2278 faciuntScripturue
559 2207 725 2262 testimonis.
748 2207 894 2275 Noluistis,
910 2200 989 2263 Met

108 2277 154 2343 23,
172 2279 208 2328 27
218 2297 224 2309 ·
243 2277 380 2346 renuistis,
398 2280 483 2332 Pron.
502 2282 525 2345 1,
543 2280 580 2329 24
584 2297 596 2346 ,·
614 2293 670 2330 non
687 2277 883 2347 respondistis,
902 2278 949 2331 Es.
960 2270 989 2336 ⁶⁵1

109 2348 159 2412 12;
177 2317 323 2399 noiuerunt
343 2346 445 2413 venire,
463 2347 534 2399 Luc.
546 2348 588 2412 14,
603 2348 644 2398 18.
672 2345 719 2398 Illi
738 2362 805 2400 vero
824 2347 873 2418 qui
891 2342 990 2401 audiui

108 2411 184 2466 varie
201 2412 321 2467 fructum
340 2415 451 2469 seminis
473 2413 558 2467 divini
575 2413 756 2483 intercipiunt
770 2414 930 2485 hypocrysi,
947 2424 990 2468 ct*

108 2481 238 2550 tumacic,
256 2482 339 2564 festu²
357 2483 491 2547 socordis,
507 2482 697 2549 somnolentis,
715 2482 918 2548 incredulitate,
934 2490 990 2553 ps*

107 2550 248 2621 conceptis
265 2552 449 2633 opinronibus²
466 2551 662 2620 voluptatibus,
681 2551 920 2622 concupiscentiis,
939 2545 991 2604 slis

109 2635 162 2689 que
176 2619 326 2675 innumeris
343 2625 477 2691 peccatu,
503 2620 603 2690 quibus
620 2619 736 2689 Spiritui
759 2625 858 2675 sancto
874 2616 991 2675 mount

106 2689 168 2741 Act.
191 2692 213 2755 7,
234 2694 278 2741 tl.
312 2689 464 2743 Consilium
489 2689 542 2742 Dei
563 2696 660 2744 contre
686 2689 852 2759 semetipsos
873 2684 991 2761 speum

107 2758 176 2811 Ine.
198 2761 220 2825 7,
238 2760 284 2812 30.
321 2756 479 2812 Sermonem
496 2757 550 2812 Dei
566 2757 712 2828 repellunt,
730 2762 759 2812 ct
776 2758 884 2839 seipsos
901 2762 993 2813 actm*

108 2826 166 2878 vite
183 2824 312 2896 indignos
330 2827 458 2891 reddunt,
477 2827 575 2880 Actor.
595 2830 640 2894 13,
659 2829 702 2880 46.
742 2827 769 2880 A
801 2844 832 2880 ur
849 2826 889 2881 sic
916 2825 993 2880 sim

105 2895 625 3018 unumunurn
643 2903 738 3018 cre
818 2868 992 3033 siun:

104 3031 225 3083 tenebris
240 3034 440 3101 perstiterunt,
466 3050 521 3086 non
533 3034 570 3099 fit
588 3048 621 3085 en
639 3033 753 3086 luminis
769 3003 888 3095 uminis,
910 3032 991 3105 scdq
1034 3060 1036 3071 =

104 3101 215 3153 malitia
231 3118 298 3169 sno,
323 3101 373 3170 qui
392 3110 489 3170 sponte
512 3108 591 3154 tanto
614 3118 643 3154 se
664 3103 739 3155 dono
760 3102 895 3171 indipnos
910 3096 988 3154 esd&
1034 3114 1036 3163 l

104 3169 213 3221 derunt.
241 3169 324 3223 Idem
342 3169 414 3223 hom.
432 3177 456 3226 7.
474 3170 503 3222 in
519 3168 583 3224 doh,
601 3184 625 3223 c.
639 3175 661 3225 1.
679 3175 737 3226 t3.
755 3170 808 3224 col.
821 3177 864 3227 48.
878 3169 907 3224 C.
934 3160 989 3245 Viti·

106 3235 200 3290 dehis
225 3238 428 3309 elegantissime
448 3239 628 3293 disserentem
652 3239 795 3306 Otrysost.
818 3238 892 3294 hom
911 3242 986 3293 45·ss

105 3320 166 3374 cup.
180 3310 217 3362 13.
234 3305 333 3360 Matth.
353 3314 418 3363 tom.
431 3313 455 3365 2.
476 3306 527 3362 col.
538 3312 595 3363 391.
605 3307 641 3362 D.
652 3307 808 3376 inAnnlys.
818 3312 985 3367 nosnmu·
