2250 3772
257 234 311 298 Dc
336 255 370 298 re
392 255 553 297 sacenae
575 231 714 296 coelesti.
883 231 947 297 559

75 422 100 458 ro
126 409 261 486 tanquam
284 420 327 457 res
353 401 513 524 principialis
534 416 668 481 'expresse
686 398 852 479 nominatur.
889 399 947 480 Ifar

75 489 107 596 ic
119 472 259 611 limi
274 469 947 606 rppioeppppuzeappssetfflppnfflffiappp

75 609 144 664 ica?
181 609 251 664 Cum
278 608 415 679 particula
441 607 669 668 demonstrativa,
698 607 765 673 hoc,
796 612 946 675 utrumque

75 695 103 733 re
123 685 152 733 et
170 695 219 732 vas
242 685 270 733 et
294 685 390 759 potum
408 678 622 747 complectatur,
649 681 677 729 et
693 674 833 744 propriam
852 675 946 745 singu·

75 765 128 800 um
153 764 252 801 vocum
280 745 508 816 significationem
532 761 588 798 non
611 748 713 810 mutet,
740 743 789 797 sed
806 742 945 797 retineat?
1018 757 1028 768 ·

75 815 187 870 tetorica
202 831 267 869 vero
285 814 460 885 synecdoche
476 814 521 868 vel
540 813 657 866 maxime
676 816 780 879 mutet,
806 817 834 866 et
859 828 945 864 unum

75 902 85 940 r
103 885 207 952 altero,
230 884 276 938 vel
293 889 383 938 totum
403 882 508 937 scilicet
527 899 577 952 pro
595 887 687 951 parte,
709 880 754 934 vel
770 887 879 950 portem
895 896 947 950 pro

75 970 95 1009 o
112 951 217 1023 ponat?
253 952 316 1008 Non
338 969 404 1023 ergo
427 951 482 1005 Dn.
499 951 638 1005 Luthcrus
661 953 717 1002 stat
741 965 791 1019 pro
818 949 945 1003 adverso-

75 1041 92 1089 r,
111 1022 162 1076 sed
180 1027 276 1076 contro
294 1037 349 1076 cos.
385 1020 450 1075 Vid.
470 1023 509 1075 D.
528 1021 641 1072 Luther.
661 1017 777 1072 confess.
796 1019 891 1088 major.
911 1017 953 1071 de·

75 1107 124 1144 rna
141 1090 173 1143 D.
196 1097 215 1145 t
233 1095 256 1145 3.
282 1090 394 1144 Jenens.
414 1105 537 1160 german.
560 1087 580 1144 f.
604 1091 663 1141 456.
682 1102 706 1142 a
744 1086 854 1140 Chemo.
872 1085 891 1141 l.
910 1085 946 1138 de

75 1159 131 1214 ion.
148 1158 256 1228 hypost.
270 1175 299 1214 c.
319 1165 360 1215 14.
387 1176 414 1228 p.
433 1164 474 1212 76.
511 1156 588 1210 Conf.
609 1156 716 1208 Hister.
735 1156 854 1277 stupuit.
874 1153 946 1207 Cor-

75 1246 103 1286 rs.
120 1244 194 1281 anno
215 1233 289 1283 1529.
306 1245 334 1296 p.
356 1232 414 1294 131,
430 1225 480 1280 ubi
496 1225 628 1292 invenies,
647 1223 714 1293 quid
727 1223 785 1276 Lut
804 1240 867 1278 erus
884 1223 945 1293 ipse

83 1295 192 1366 Collcq.
210 1295 404 1366 Marpurgensi
423 1294 556 1364 Zwinglio
575 1292 766 1362 responderit)

76 1468 85 1482 .
127 1416 212 1479 Tune
232 1418 327 1499 ipitur
347 1418 442 1479 uerbo
469 1415 544 1477 haec
565 1415 766 1476 iustitutionis
787 1414 820 1474 iu
841 1413 946 1474 uoticu

74 1503 258 1584 mificutioue
288 1495 373 1562 roro?
401 1498 440 1562 ri
474 1499 572 1584 ῥῃτὸν
602 1499 785 1579 (secundum
806 1495 945 1577 literam)

276 1585 469 1668 iuteliipenda
490 1603 552 1645 esse
573 1580 706 1645 statuis?

122 1701 264 1766 Omnino
287 1701 333 1765 sic
355 1714 473 1776 statuo;
497 1698 573 1784 quia
595 1700 622 1765 1.
645 1699 723 1762 haec
745 1698 816 1782 ipsa
837 1697 945 1774 verba,

74 1790 113 1851 ite
136 1800 199 1864 etc,
221 1789 310 1851 bibite
332 1799 393 1870 etc,
416 1799 489 1849 sunt
511 1784 608 1847 verba
630 1783 755 1846 divinae
770 1782 946 1846 institutio-

74 1895 103 1949 ς,
137 1873 165 1936 l.
188 1870 383 1947 testamenti3
415 1871 444 1937 2.
475 1868 617 1932 mandati
647 1868 726 1942 Dei3
762 1868 792 1931 3.
820 1867 945 1931 articuli

76 1955 111 2020 ei
118 1981 127 2032 3
149 1957 180 2023 4.
203 1956 391 2020 sacramenti
411 1954 566 2030 foederis,
595 1974 677 2036 quae
698 1952 805 2016 omnia
826 1963 858 2016 et
878 1951 944 2016 sin-

75 2041 112 2104 lu
144 2040 249 2105 verbis
281 2040 419 2127 propriis
447 2051 479 2104 et
506 2060 572 2102 non
600 2037 790 2101 modificatis
819 2036 946 2121 concipi

74 2127 152 2190 lent.

102 2240 321 2313 (Consequentia
342 2239 476 2311 probatur
497 2238 618 2294 immotis
641 2238 717 2293 hisce
739 2237 843 2310 regulis
868 2237 946 2294 theo·
991 2222 994 2229 ¹

73 2311 149 2377 icis:
181 2317 204 2367 l.
222 2312 436 2378 unumquodque
455 2310 558 2377 dopma
569 2309 644 2377 fidei
663 2308 850 2361 cciristiouae
862 2307 946 2376 judi-

73 2383 98 2434 ·i
116 2380 197 2433 debet
215 2397 247 2432 er
257 2379 382 2448 proprio
395 2378 476 2440 sede,
499 2376 551 2431 hoc
569 2381 625 2445 est,
648 2394 681 2431 cx
699 2376 766 2431 locis
786 2376 946 2446 Scripturac

73 2448 254 2519 epi-incipiis
272 2448 329 2501 suis
346 2445 490 2518 genuinis,
508 2444 557 2499 ubi
574 2461 702 2516 expresse
719 2451 863 2501 tractatur.
900 2444 947 2499 De

73 2535 124 2574 ane.
150 2518 236 2588 igitur
253 2515 368 2571 Domini
391 2514 575 2584 judicandum
597 2514 650 2568 erit
676 2531 709 2568 ex
733 2513 821 2583 ipsius
838 2512 946 2568 solenni

73 2585 218 2642 titutione.
244 2591 268 2640 2.
279 2584 396 2638 Nullum
417 2591 457 2636 est
475 2585 577 2651 deputa
593 2582 945 2648 fideicltristiauceudsc·
1040 2644 1050 2652 „

73 2673 121 2710 cm
141 2655 267 2707 absolute
289 2653 485 2718 necessarium,
504 2653 580 2720 quod
597 2670 653 2704 riou
670 2655 700 2703 in
714 2650 864 2718 Scriptura
917 2669 945 2704 o·

73 2725 107 2778 :is
137 2731 163 2776 et
182 2723 344 2792 perspicuia
373 2721 432 2774 suia
448 2721 540 2774 uerbis
560 2722 708 2788 tradatur3
734 2717 858 2788 alioquin
896 2718 945 2773 des

73 2798 131 2848 stra
150 2798 223 2845 certo
242 2807 297 2843 non
314 2789 448 2844 niteretur
464 2788 548 2842 verbo
560 2787 621 2848 Dei,
641 2788 688 2843 sed
707 2786 882 2857 opinionibus
894 2786 944 2840 hu·

73 2861 132 2916 tuis.
170 2865 194 2914 3.
214 2859 355 2927 Quicquid
371 2860 402 2912 iu
420 2858 655 2926 descriptionibus
675 2857 858 2910 articulorum
867 2855 948 2937 fidei

73 2935 156 2985 erate
177 2929 220 2982 rel
244 2928 349 2997 tropice
373 2927 404 2980 iu
426 2925 517 2978 sacris
543 2925 636 2978 bibliis
650 2925 833 2993 proponitur,
860 2926 893 2976 sd
910 2941 946 2976 eu

73 3001 102 3053 ir
121 2997 298 3064 manifestio,
312 2995 485 3066 perspicuis,
504 2994 604 3062 pluris
625 3002 652 3046 et
670 2993 847 3062 homopeueis
867 2992 944 3046 Scri·

73 3084 136 3123 erce
160 3066 232 3119 locis
260 3064 451 3118 demonstrari
474 3063 552 3116 debet
574 3070 599 3115 ct
613 3070 712 3132 potest.
748 3068 772 3117 4.
789 3061 826 3114 Iu
843 3075 945 3116 παντα-

72 3152 109 3191 re
125 3135 260 3187 historica
276 3134 361 3187 uerba
381 3132 567 3199 iutellipeudc
578 3139 642 3184 suut
656 3132 807 3184 secuudum
821 3130 944 3193 literam,

76 3211 200 3268 sercou·
223 3203 275 3256 nisi
298 3218 397 3273 graves
422 3207 450 3254 et
475 3200 637 3271 perspicuae
657 3216 758 3254 causae
777 3199 806 3252 in
823 3197 885 3267 ipsa
901 3197 943 3251 hi·

72 3274 120 3330 rie
142 3277 289 3326 annotatae
309 3271 388 3326 aliter
411 3269 539 3340 jubeant.
580 3277 606 3326 5.
622 3270 659 3322 Iu
676 3269 768 3322 uerbis
787 3267 946 3321 ustaraeuti
