2250 3772
105 254 170 319 222
244 252 348 341 Caput
370 255 413 322 II.
458 257 510 320 De
536 256 684 339 symbolo
707 257 888 342 apostolico.

104 441 169 478 nam
189 422 356 487 affirmabat,
376 441 448 505 quae
466 431 495 478 et
512 425 573 545 iluna
590 442 698 494 semper
716 426 816 493 fucrit,
834 440 918 497 nequo
929 422 967 477 mi

104 510 195 563 neque
211 492 300 556 facta,
318 510 371 546 nec
389 493 497 546 mitium
536 493 623 547 abens
641 495 767 559 omnino,
786 512 839 551 nec
858 494 942 555 finem,
961 503 967 539 Ι

105 579 161 633 qua
179 562 315 616 Dominus
334 562 426 615 omnia
463 568 541 616 ostea
558 562 663 631 fecerit,
685 565 804 620 Terruit.
823 565 923 619 advers
934 558 967 615 lle

105 648 178 713 mog.
197 636 218 687 t.
239 637 261 685 3.
280 648 344 702 pag.
366 636 416 685 488
436 580 468 684 h.
507 632 619 684 Errant
639 638 663 687 3.
684 632 786 698 Stoici,
806 634 854 704 qui
871 627 967 701 dnopd

106 700 180 770 cipra
189 705 422 769 contemporanea
430 699 584 770 fingebant,
598 701 812 772 intelligentiam
831 703 967 757 sirenue

106 770 198 823 Deum
220 776 249 822 et
267 769 419 834 materiam,
439 769 582 836 Epipbarr.
597 768 645 823 lib.
660 776 680 823 l.
698 776 786 825 contr.
796 772 897 827 haeres.
907 770 963 825 hom

105 857 133 908 p.
154 846 176 893 b.
213 839 273 890 Nec
292 840 383 891 obstat
404 844 425 891 l.
443 837 539 890 tritum
556 838 639 890 illud:
659 854 692 891 ex
709 839 796 894 nihilo
809 840 878 894 nihil
888 838 926 896 fit.
948 834 967 891 V

106 909 146 961 let
165 906 238 959 enim
256 907 364 960 nonde
383 906 459 973 Deol,
478 906 527 960 sed
547 907 581 961 de
598 906 763 962 hominibus.
796 909 856 965 Nec
876 910 909 964 dc
923 906 967 979 prb

107 976 247 1030 creatione
264 992 298 1029 ac
316 975 534 1029 extraordinaria
546 975 631 1030 Deio
653 977 784 1045 eratione,
803 978 853 1032 sed
874 974 967 1033 deordi

106 1045 136 1098 in
154 1050 255 1097 natura
269 1044 329 1113 jam
348 1049 441 1097 ereata
458 1044 592 1098 instituto.
657 1061 689 1098 ec
707 1052 730 1102 2.
752 1047 828 1117 quod
845 1058 967 1113 ornnem

106 1113 163 1167 cies
188 1117 297 1167 creatae
322 1118 387 1166 sunt
410 1128 444 1166 ex
462 1112 578 1167 confuso
599 1114 729 1183 quopiam
756 1115 827 1169 chao
849 1121 878 1170 et
900 1118 967 1168 mats

105 1182 202 1253 prima.
240 1183 365 1234 Etiamsi
382 1182 462 1245 cuim,
480 1182 556 1252 quod
575 1182 643 1235 dicit
661 1184 780 1252 slaqcrt.
798 1183 847 1238 lib.
866 1184 899 1239 de
915 1182 967 1237 (ich

106 1256 194 1307 contr.
204 1250 323 1304 Manich.
345 1267 368 1304 c.
382 1258 405 1304 tl.
425 1257 489 1304 torn.
502 1257 523 1304 l.
544 1251 594 1305 col.
609 1255 655 1305 811
671 1251 702 1316 C,
723 1254 817 1305 eerraira
833 1254 967 1319 samaia·

105 1322 162 1375 iata
177 1321 298 1372 materia
314 1321 396 1385 facto
413 1328 491 1383 curat,
512 1321 582 1372 hacc
600 1320 663 1388 ipm
675 1323 796 1374 materia
808 1329 899 1375 iancea
909 1323 941 1375 do
949 1336 967 1373 ol

104 1391 173 1443 circo
194 1388 282 1441 nihilo
293 1391 382 1455 facta
399 1397 445 1441 est.
483 1388 535 1441 ΙΙΙ.
557 1389 659 1442 Forma
682 1390 830 1443 creationis
848 1388 967 1460 exprimit

108 1458 183 1530 quod
199 1457 276 1511 Deus
299 1464 319 1511 l.
341 1472 435 1509 ornnes
452 1474 496 1511 res
518 1458 657 1511 liberrime
675 1458 805 1514 condidit.
849 1459 929 1515 Unde
941 1456 967 1510 ht

107 1526 285 1581 consectaria.
308 1525 384 1595 Ergo
397 1531 419 1581 1.
433 1528 513 1578 Deae
530 1526 625 1579 omerio
636 1545 690 1579 non
703 1528 854 1597 coactione,
872 1542 967 1596 aequm

106 1597 235 1649 cessitate
254 1596 385 1648 absolata
403 1596 540 1648 coadidit.
577 1596 652 1665 Ergo
671 1603 695 1650 2.
714 1597 843 1664 efficiens
860 1612 967 1669 προκοιο

106 1663 182 1731 arici]
201 1664 352 1717 creationis
373 1664 494 1715 creceium
511 1665 595 1717 nialla,
613 1664 662 1729 eei,
681 1670 880 1737 προηγουμένη
897 1672 967 1719 eorde

104 1737 239 1788 immensa
253 1733 313 1785 Dei
332 1732 442 1783 bonitas
454 1737 544 1795 (omne
558 1732 629 1785 enim
642 1732 746 1787 bonum
757 1732 967 1788 communicativa

106 1804 149 1857 sui
168 1802 266 1871 ipsius)
280 1809 307 1854 et
323 1800 471 1853 liberrima
482 1802 620 1859 lanientur.
655 1801 763 1865 Omnia,
782 1819 853 1873 quae
865 1802 967 1865 volutat

104 1874 152 1940 cit,
168 1874 217 1925 Pa.
236 1875 296 1925 1105.
314 1874 341 1925 3,
381 1868 463 1932 Quod
482 1876 505 1923 2.
525 1887 580 1922 non
598 1870 627 1923 in
645 1877 797 1937 momento,
818 1873 868 1925 sed
887 1870 967 1925 diatim

106 1959 152 1995 sex
174 1940 280 1994 dierum
298 1938 386 2019 spatio
407 1939 508 1992 creatio
533 1938 609 1992 facta
634 1946 689 2005 est3
713 1940 800 2060 idgue
817 1946 843 1995 3.
860 1950 967 1996 omne«

102 2012 184 2081 jussu
202 2008 271 2062 Dei:
300 2012 336 2060 sit
361 2007 405 2059 vel
424 2013 483 2060 esto
500 2006 552 2060 hoc
570 2007 615 2060 rel
634 2008 716 2074 illud,
761 2009 848 2063 ictum
867 2016 894 2064 et
910 2008 967 2063 fact

106 2084 166 2134 erat
185 2078 237 2131 hoc
256 2077 300 2130 vel
317 2076 395 2141 illud,
417 2075 516 2128 Genea.
527 2080 551 2141 1,
561 2078 588 2131 3.
598 2079 624 2130 6.
638 2080 660 2130 7.
689 2079 750 2129 Νοο
762 2079 855 2132 obstat
869 2078 922 2132 Sir.
930 2078 962 2139 18,

106 2146 211 2201 creavit
228 2145 318 2199 omnia
338 2144 426 2201 simul.
457 2145 520 2199 Non
533 2144 606 2197 enim
618 2144 740 2214 loquitur
751 2147 786 2199 de
798 2152 934 2201 momento
942 2148 967 2197 tc

105 2215 194 2286 poris,
220 2214 270 2267 sed
294 2214 329 2266 de
347 2230 436 2265 rerum
456 2213 649 2277 universitate,
676 2215 755 2282 quasi
775 2216 865 2279 dicat,
890 2214 967 2269 uniret

125 2301 178 2337 uae
206 2287 283 2349 sunt,
314 2281 408 2335 aDeo
436 2287 531 2336 creata
554 2288 633 2348 sunt,
662 2283 739 2337 nullo
764 2284 875 2338 omnino
893 2292 967 2349 excep

150 2351 310 2419 .Subjecta
335 2349 393 2404 sive
417 2368 459 2404 res
486 2357 595 2404 creatae
613 2351 807 2406 distributione
827 2371 860 2408 ex
877 2354 967 2422 adjuc

107 2419 301 2474 describuntur
319 2420 452 2488 adjuncta
469 2418 610 2488 qualitate,
631 2436 703 2490 quae
721 2427 764 2474 est
781 2421 891 2476 bonitas
908 2426 967 2487 stu

105 2489 203 2553 factio,
232 2488 297 2558 quia
315 2488 421 2556 omnia,
449 2503 520 2559 quae
539 2489 644 2541 creavit
661 2489 812 2557 Dominus,
839 2493 918 2545 erant
932 2480 967 2539 val

107 2560 190 2626 bona,
211 2557 281 2612 Gen.
300 2561 324 2624 1,
337 2562 388 2619 31,
405 2573 505 2626 nempe
523 2555 629 2626 absque
647 2558 720 2610 omni
742 2558 915 2613 deformitate
929 2560 967 2611 et*

107 2629 155 2695 tio,
174 2627 280 2697 absque
295 2627 369 2679 omni
384 2626 457 2679 malo
470 2625 515 2678 vel
527 2625 627 2693 culpae
649 2628 692 2679 vel
705 2643 820 2695 poenae.
852 2627 967 2699 Undae!⁴

106 2703 196 2751 mata:
225 2703 246 2750 l.
264 2699 344 2749 Deus
367 2703 475 2748 torcium
497 2711 591 2745 reram
610 2695 744 2747 bonarum
765 2697 866 2761 (omnis
882 2695 967 2751 vitiis]

106 2764 214 2848 physici
233 2764 291 2818 sive
308 2763 391 2817 ethici
412 2763 574 2831 expertiuml
593 2771 704 2816 errectos
718 2773 744 2817 et
756 2774 839 2818 arator
853 2774 900 2819 eat.
928 2762 967 2817 ΟΜ

107 2853 180 2890 emm
198 2834 334 2901 quiequid
349 2841 396 2899 est,
415 2834 445 2884 in
459 2839 593 2900 carratam
607 2839 657 2899 cet,
678 2834 776 2885 honrem
791 2842 839 2887 eat.
871 2828 967 2889 videl

106 2913 179 2973 quat.
200 2902 235 2956 de
253 2918 319 2955 vera
336 2901 414 2981 relig.
432 2918 456 2954 c.
468 2908 507 2954 11.
527 2904 545 2952 t.
559 2907 579 2953 1.
599 2900 649 2956 col.
661 2901 756 2954 lll9A.
787 2900 887 2973 Itaque
901 2907 967 2956 hod

107 2981 239 3026 creatora
255 2970 375 3035 (etiamsi
392 2986 452 3038 ipse
466 2968 614 3036 Diabolus)
626 2970 737 3023 ratione
756 2980 835 3023 ortem
844 2970 967 3041 prement

109 3042 232 3095 dicenda
251 3048 299 3095 eat.
337 3043 362 3094 3.
381 3040 441 3092 Nec
459 3038 607 3118 quicquam
633 3041 746 3093 cociam
764 3042 800 3093 ab
819 3040 901 3093 initio
917 3030 967 3092 ab

104 3109 165 3175 fuit
185 3107 336 3162 conditum.
354 3110 407 3160 aed
424 3108 544 3159 bominac
563 3107 694 3161 delictam
713 3110 900 3162 conditionem
910 3116 967 3161 creo

106 3196 206 3231 ror-cm
233 3176 363 3229 reddidit
390 3176 562 3230 deteriorem.
606 3178 666 3229 Nec
691 3179 781 3230 obstat
807 3185 825 3232 l.
848 3177 921 3248 quod
942 3186 967 3227 m

106 3245 188 3303 mala.
224 3244 301 3299 Deus
314 3243 386 3298 enirn
398 3250 513 3298 mortem
528 3261 582 3298 non
596 3245 709 3313 creavit,
729 3246 779 3299 sed
791 3253 823 3300 ut
837 3247 967 3317 justam?

105 3330 171 3369 nam
188 3313 293 3368 homini
311 3312 420 3369 inflixit.
454 3314 516 3366 Nec
535 3320 558 3368 2.
577 3314 652 3383 quod
671 3319 829 3384 serpentes,
854 3313 967 3385 scorpion
