2250 3772
187 258 213 315 ·,
260 256 264 261 “
333 242 386 309 De
407 264 545 328 persona
566 241 694 309 Christi.
909 243 974 311 285

265 411 769 480 nantelmus).

91 546 129 611 33.
163 547 321 629 Qudnam
350 561 395 613 cst
429 549 559 613 tertium
586 550 866 613 communicationis
896 551 975 613 ictio-

98 654 103 661 ·
388 646 505 719 motum
524 633 647 718 genus?

154 730 288 814 Quando
302 732 443 799 actiones
466 734 562 799 officii
577 734 760 798 tribuuntur
775 730 902 799 Christo
923 758 973 800 se·

94 817 202 928 cundum
221 830 394 919 utramque
420 833 574 884 naturam.
618 820 746 882 Dicitur
768 817 879 903 cyrill.
903 845 974 884 κοι-

92 917 330 1057 umau
346 905 405 1056 lt.
419 915 495 1075 tu
511 903 972 1088 attatum}

92 1070 142 1133 aa
159 1077 309 1139 κοινωνία
331 1068 610 1153 ἀποτελεσμάιων
629 1084 873 1138 commumcatro
897 1096 973 1160 ope-

92 1174 148 1223 rta
183 1157 265 1225 Ihid.
287 1180 355 1244 cap.
380 1159 428 1223 15.
449 1181 480 1243 p.
503 1159 567 1222 234
588 1181 653 1242 seq.

141 1254 205 1321 (linc
223 1259 363 1328 pertinent
381 1257 541 1327 scripturae
559 1257 649 1318 dicta,
668 1273 740 1326 quae
759 1245 898 1312 Christu'm
915 1276 972 1315 me-

93 1320 197 1380 diatorem
215 1336 339 1382 nostrum
358 1327 538 1397 prophetam,
567 1325 737 1380 sacerdotem
756 1332 892 1396 stragem
911 1345 972 1383 esse

93 1389 208 1449 &imant
245 1396 316 1450 Item
344 1396 466 1450 actiones
489 1394 688 1456 miraculosae,
714 1394 789 1464 qnod
808 1396 972 1451 circumiens

93 1463 174 1517 auaui
185 1465 331 1519 aDiabolo
349 1480 502 1533 oppressos,
519 1464 616 1520 Actor.
626 1467 670 1522 10.
682 1467 726 1532 38,
745 1470 773 1518 et
790 1466 878 1519 multa
891 1467 973 1537 signa

92 1526 143 1595 fait
155 1534 217 1588 ooo.
230 1537 277 1595 20,
294 1552 319 1588 o.
338 1535 388 1588 ult.
428 1532 530 1588 Differt
549 1539 641 1586 autem
660 1531 713 1586 hoc
732 1548 820 1603 genus
839 1550 857 1586 a
873 1535 972 1604 priori·

92 1593 134 1667 lut
146 1601 206 1672 quia
222 1602 252 1656 in
268 1608 289 1657 1.
302 1602 485 1672 proprietates
498 1609 659 1655 naturarum
672 1601 833 1655 tribuuntur
844 1604 896 1657 toti
910 1621 973 1673 per-

93 1680 159 1736 ttutc,
172 1672 219 1725 sed
233 1678 327 1727 tamen
338 1688 401 1725 eum
412 1670 466 1724 hac
479 1670 650 1738 limitatione,
664 1677 695 1723 ut
706 1671 877 1740 ostendatur,
890 1673 970 1753 cujus

92 1746 178 1794 marae
198 1747 263 1794 sunt
289 1740 424 1809 propriae.
466 1738 500 1792 In
524 1745 546 1793 2.
574 1738 663 1809 gloria
681 1746 710 1792 et
727 1741 858 1808 majestas
876 1742 972 1796 divina

93 1801 194 1862 tribuitur
217 1808 327 1863 Christo
350 1809 503 1863 secundum
527 1813 696 1877 assumptam
722 1806 870 1861 humanam
889 1815 971 1864 natu-

93 1885 139 1939 rm,
151 1893 202 1931 non
220 1878 384 1932 naturaliter
401 1881 430 1932 et
446 1894 497 1946 per
515 1895 553 1937 se,
574 1878 623 1930 sed
642 1882 756 1946 propter
772 1877 901 1932 unionem
920 1878 970 1949 hy-

93 1946 234 2007 nauteam.
271 1946 305 1999 In
323 1952 346 2001 3.
365 1947 418 1999 hoc
436 1961 537 2017 genere
555 1945 677 1999 actiones
696 1943 792 2012 officii,
818 1961 850 1998 ex
870 1947 971 2001 utrius-

95 2022 131 2076 φο
142 2020 250 2068 naturae
270 2015 438 2086 proprietate
456 2020 491 2069 -et
512 2014 669 2083 operatione
686 2021 895 2082 promanantes,
923 2016 972 2070 tri-

94 2072 186 2137 buntur
207 2083 332 2148 Christo,
359 2084 408 2138 sed
435 2099 486 2137 nee
509 2084 545 2137 ad
569 2083 691 2137 divinam
710 2087 837 2136 naturam
854 2089 970 2150 tantum,

94 2159 128 2225 {tt
142 2152 172 2205 ad
189 2153 339 2206 humanam
356 2160 484 2206 naturam
504 2157 628 2214 tautum.
652 2169 748 2206 verum
772 2151 809 2204 ad
827 2159 973 2224 utramque

95 2219 151 2273 unul
167 2221 329 2277 referuntur.
366 2221 448 2277 Unde
473 2219 527 2275 hae
548 2220 678 2291 regulae:
708 2227 731 2276 1.
748 2222 862 2273 uomina
880 2223 974 2290 officii

94 2283 220 2343 thaam
232 2291 343 2344 Christo
354 2291 503 2342 accardum
516 2298 664 2356 aurumque
675 2295 816 2346 naturam.
841 2296 864 2345 2.
879 2294 974 2358 Aperc

96 2357 271 2428 &appositu
292 2368 318 2413 et
335 2359 459 2412 cotonea
476 2366 502 2410 ct
514 2358 664 2426 porciones
682 2365 746 2410 auat
759 2360 927 2428 perronae.)

96 2466 129 2538 34
163 2479 227 2544 Una
247 2482 342 2565 ipitur
363 2490 391 2541 et
412 2480 516 2542 eodem
537 2491 582 2543 cat
609 2480 769 2560 utriusque
790 2492 920 2545 naturae
941 2484 973 2544 ia

273 2564 442 2627 actionibus
468 2562 516 2625 tia
546 2564 644 2646 officii
662 2562 762 2625 cotio?

153 2652 240 2740 N0n3
271 2664 329 2728 sed
350 2664 445 2747 juxta
471 2662 616 2748 regulam
645 2662 770 2726 concilii
795 2661 972 2728 Chalcedo-

96 2747 173 2810 musis
199 2762 332 2833 utroque
359 2761 474 2812 cantaro
502 2753 535 2811 in
558 2749 679 2812 Christo
702 2753 766 2831 opit
787 2773 855 2811 cum
886 2775 970 2815 com-

95 2834 268 2898 municatione
290 2836 431 2906 alteriue,
459 2836 542 2981 {guod
570 2834 713 2916 cujusque
728 2837 896 2918 proprium
913 2846 970 2910 xest,

95 2900 197 2993 llputol.
211 2918 334 2983 Leonis
349 2939 452 3003 papae
501 2970 508 2983 .
525 2943 551 2984 c.
564 2922 590 2983 1.
604 2917 660 2981 ool.
673 2919 704 2983 2.
721 2918 865 3003 concil.p.
876 2922 928 2983 31.
941 2921 968 2984 b.

143 3015 201 3085 (Ubi
211 3027 290 3075 nota:
306 3019 329 3072 I.
339 3019 408 3072 duas
417 3018 570 3088 essehujus
584 3017 696 3087 regulae
711 3021 812 3086 partes.
827 3023 849 3074 l.
863 3018 972 3070 Utram-

96 3087 131 3138 mc
143 3095 263 3142 caturam
282 3089 459 3156 operationes
475 3105 543 3140 auca
558 3086 705 3138 naturales
717 3087 758 3138 od
769 3086 895 3154 officium
908 3104 972 3140 coa·

95 3142 156 3228 sffrt·
184 3155 228 3212 Sic
249 3157 371 3211 humana
395 3163 495 3210 natura
511 3155 604 3209 fundit
623 3153 786 3224 sanguinem
803 3161 831 3208 et
848 3156 973 3225 moritur,

97 3208 164 3276 dmua
177 3241 239 3281 vero
255 3225 377 3296 passioni
396 3225 504 3295 pondus
521 3241 572 3293 pro
592 3223 734 3294 expiandis
747 3223 867 3292 peccatis
886 3225 971 3279 totius

96 3291 176 3350 meris
190 3295 304 3350 humani
321 3294 499 3367 aequivalens
517 3293 623 3362 tribuit,
641 3301 669 3346 et
685 3291 834 3347 humanam
851 3307 970 3348 amorte
