2250 3772
130 182 135 189 .
271 148 287 189 r-

247 236 262 283 ’·
377 242 430 308 De
448 241 612 307 electione.
884 241 949 308 415

70 429 120 467 tm.
132 409 268 483 Septueg.
286 409 395 466 obeerv.
408 417 432 466 7.
448 414 469 466 t
485 415 509 465 t.
528 410 579 465 col.
592 415 648 466 455.
677 410 738 463 Nec
756 409 854 478 emeat,
871 411 948 480 quod

70 497 87 536 e
112 479 232 536 verbum
258 495 322 534 cum
345 479 439 533 fructu
461 477 558 534 audire
580 478 617 533 eit
638 479 667 532 in
691 484 785 532 nostm
803 477 945 536 facultate.

88 548 170 605 enim
185 548 301 603 auditor
318 547 429 612 mediat,
444 549 634 602 volontarium
649 554 699 611 eat,
719 546 858 615 Citrpeoet.
872 547 947 603 hom,

70 659 74 674 .
94 617 128 672 in
148 633 210 689 cep-
231 624 254 672 l.
268 615 333 673 Joh.
352 621 417 671 tom.
436 622 461 672 3.
477 617 528 670 col.
544 621 585 673 98.
606 616 642 672 Α.
660 621 689 670 et
705 621 748 670 eet
760 616 883 671 studium
901 633 947 671 ex·
1057 648 1061 669 t

70 703 150 741 mum
167 685 268 741 nostrie
284 685 389 740 viribus
409 685 578 740 derelictum.
603 684 755 739 Possumus
772 685 869 740 audire
885 703 945 740 ver·

70 773 109 809 m·
122 759 237 810 externe
256 759 285 809 et
297 754 463 822 amaritate,
481 759 514 807 ut
524 753 715 816 Athenienses,
733 753 831 808 Actor.
844 758 884 822 17,
899 757 945 825 20,

70 824 193 895 quidem
203 828 280 878 alten
331 839 395 877 cum
410 822 554 891 desiderio,
564 822 637 876 sicut
646 821 767 893 Sergius,
779 822 843 878 Act.
854 825 898 889 13,
913 827 945 905 71'

70 898 159 948 enter
174 897 208 946 ut
224 891 254 946 Η
322 908 365 959 ee,
382 893 478 945 Marc.
498 894 524 959 6,
542 895 594 961 20‚·
618 907 681 944 cum
698 891 789 944 studio
813 891 945 950 discendi

70 977 191 1015 neumae
212 960 280 1015 item
300 967 414 1016 externa
432 959 565 1029 stuporis,
589 959 709 1014 levitatis
737 965 765 1014 et
786 961 946 1016 securitati·

70 1029 184 1084 :uculo
200 1045 348 1111 removere.
372 1028 428 1084 Per
446 1035 588 1083 externum
604 1035 700 1108 autem
719 1027 793 1082 hunc
810 1030 946 1100 auditum,

70 1095 945 1247 ffifftltfflttttfitttttttttt‚tegit

70 1235 180 1291 lectum
204 1241 233 1290 et
258 1251 400 1289 assensum
429 1234 534 1298 cordis,
563 1233 648 1289 fidem
677 1250 711 1288 ac
740 1250 945 1291 conversionem

70 1309 168 1358 crant
191 1310 220 1360 et
240 1302 357 1374 perficit
398 1301 454 1356 Hic
477 1303 525 1373 qui
548 1320 599 1357 nos
620 1303 720 1357 iterum
745 1302 944 1374 Pelagianiemi

70 1379 178 1443 ament,
197 1378 308 1444 praeter
323 1389 389 1442 rem,
407 1372 486 1427 nobie
501 1371 669 1426 calumniam
686 1370 836 1442 affricani.)

70 1511 94 1575 [l.
123 1511 209 1591 Quae
238 1535 309 1578 cero
339 1534 433 1577 cauea
462 1524 521 1590 eet,
550 1512 634 1595 qaod
647 1510 789 1597 plerique
809 1512 943 1580 lemniaco

244 1600 455 1685 reprobantur
475 1609 504 1662 et
524 1595 736 1660 damnantur?

120 1703 233 1790 Neque
248 1706 301 1770 hic
323 1707 418 1791 culpa
438 1706 472 1770 in
487 1706 560 1770 Deo
574 1704 693 1782 haeret,
717 1706 773 1791 qui
790 1728 855 1770 non
875 1707 943 1772 vult

70 1798 170 1854 nonen
198 1791 380 1868 morientia,
408 1792 518 1856 Ezecd.
541 1791 590 1855 18.
619 1813 647 1856 v.
669 1791 725 1859 ult.
753 1801 784 1854 et
814 1792 943 1871 13,11‚

70 1890 76 1931 ι
105 1895 141 1938 ue
160 1875 296 1940 laetatur
316 1875 350 1939 in
372 1875 551 1961 perditione
571 1875 724 1959 vivorum,
749 1875 824 1958 Sap.
841 1876 870 1952 1,
892 1877 942 1955 13,

70 1890 180 2024 Sura
201 1971 234 2025 et
254 1960 324 2025 ecla
344 1961 378 2025 in
398 1960 563 2036 hominum
588 1960 693 2058 posita
718 1969 766 2022 est
787 1959 944 2046 impoeni-

70 2040 137 2108 ntia
155 2056 187 2108 et
205 2044 435 2110 incredulitate.
469 2043 537 2125 Qui
551 2066 636 2108 emm
650 2066 715 2107 non
734 2044 844 2123 credit,
866 2067 943 2109 con-

70 2119 217 2216 ennam,
239 2130 341 2197 Maro.
367 2132 417 2207 16,
441 2131 491 2207 16,
513 2141 544 2193 et
564 2129 613 2192 ira
633 2128 698 2193 Dei
719 2140 825 2194 manet
846 2152 943 2216 super

70 2226 149 2299 ptum,
170 2215 244 2280 Jot.
267 2215 297 2300 3,
319 2216 370 2282 36.
404 2214 532 2280 Confer.
554 2239 582 2282 o.
599 2215 647 2279 18.
668 2213 745 2278 item
758 2216 832 2281 Jolt.
845 2217 876 2302 6,
889 2217 940 2284 40.

110 2328 178 2395 (Huc
196 2331 307 2386 faciunt
320 2349 414 2386 omnee
425 2333 546 2388 rationes
558 2333 748 2403 praecedentis
782 2335 941 2392 uacationis.

70 2388 155 2455 leiim
172 2401 296 2456 hominen
314 2405 413 2472 sponte
430 2418 481 2455 sua
497 2419 650 2457 sermonem
667 2418 736 2456 evan
763 2350 805 2456 lii
824 2419 842 2457 a
859 2420 889 2457 ee
900 2421 942 2460 re·

70 2459 153 2537 *lunt
170 2476 199 2525 et
215 2470 319 2540 seipsos
336 2469 395 2524 vita
413 2476 528 2525 aeterne
543 2470 673 2541 indignos
691 2473 740 2525 red
760 2476 828 2539 unt,
842 2473 942 2530 Actor.

70 2530 94 2594 Ψ,
106 2540 142 2606 46,
158 2538 255 2609 utique
275 2546 303 2594 et
320 2538 478 2609 reprobatio
495 2545 523 2594 ct
538 2539 679 2593 damnatio
691 2540 871 2610 ipsorummet
884 2543 943 2595 cul-

70 2612 99 2655 Ιθ
112 2607 304 2676 adscribenda,
324 2608 407 2677 juxta
425 2606 507 2661 illud:
528 2607 647 2678 perditio
670 2613 720 2662 tua
741 2626 775 2663 ex
799 2614 828 2663 te
845 2607 942 2680 Iereel,

70 2664 139 2728 ²213
163 2679 188 2732 9.
228 2679 340 2730 Ervom
356 2675 442 2747 igitur
463 2677 637 2745 Calviniaai,
656 2677 705 2746 qui
724 2677 838 2744 docent,
855 2678 942 2732 maxi·

70 2749 115 2795 nn
165 2744 271 2798 minum
288 2749 405 2815 partem,
423 2745 549 2799 absoluto
566 2752 594 2798 et
611 2745 728 2815 simplici
747 2745 802 2800 Dei
820 2746 939 2812 decreto,

70 2809 148 2868 litteo
167 2814 304 2884 supplicio
329 2814 482 2868 destinatae
499 2821 528 2869 et
545 2819 751 2884 coagmentatos
774 2831 846 2878 esse,
870 2833 940 2886 quos

70 2868 116 2933 >een
129 2899 272 2953 nunquam
291 2882 421 2950 voluerit,
445 2887 495 2937 eut
510 2883 590 2952 velit,
615 2889 663 2937 aut
683 2883 817 2936 voliturue
834 2883 870 2937 sit
884 2884 939 2939 eal-

70 2954 113 3005 ”e
139 2951 226 3020 Boea,
242 2967 365 3021 respons.
377 2957 401 3005 2.
420 2951 519 3021 colloq.
532 2951 680 3022 Mompelg.
718 2969 762 3022 ag.
777 2959 801 3007 7.
819 2952 869 3006 col.
880 2959 937 3008 194.

70 3007 138 3088 Μία
152 3019 313 3090 scripturae
337 3036 352 3073 e
373 3019 506 3074 diametro
524 3021 669 3074 contraria.
698 2970 764 3075 lice
787 3025 841 3086 eet,
864 3022 940 3092 quod

70 3090 90 3135 [Β
104 3087 272 3170 distinguant
287 3088 359 3143 inter
376 3089 609 3157 reprobationem,
628 3105 699 3159 quae
714 3087 748 3143 fit
764 3089 890 3145 absolute
905 3107 939 3145 aa

79 3154 130 3210 eolo
146 3157 201 3213 Dei
217 3157 405 3228 beneplacito,
422 3162 451 3212 et
468 3158 541 3212 inter
558 3159 778 3222 damnationem,
801 3159 880 3228 cujus
898 3159 939 3214 in·

70 3222 182 3297 §delites
199 3232 228 3280 et
243 3231 359 3296 peccata
377 3242 468 3281 cauea.
498 3227 581 3279 Idem
599 3224 667 3279 ibid.
685 3243 713 3295 p.
732 3232 780 3293 158
797 3243 854 3297 aeq.
883 3229 940 3284 De-

70 3293 156 3350 teitan
171 3295 242 3349 haec
262 3295 401 3350 distinctio
420 3295 494 3350 omni
512 3295 669 3365 Scripturae
687 3295 858 3366 testimonio,
875 3314 938 3356 cum
