2250 3772
220 242 289 317 ³⁷0
359 245 466 334 caput
486 245 529 313 IL
572 245 626 311 Do
646 242 795 330 symbolo
816 240 997 329 apostolioo.

220 440 226 447 ·
297 419 349 484 22.
389 415 552 496 Quodnam
572 435 662 478 vocuo
682 414 866 479 scandulum
886 411 1039 499 uoseptssm?

310 535 450 618 Quando
472 532 523 598 vel
543 555 619 596 vero
637 531 793 609 doctrino,
814 530 866 596 vel
880 530 1039 597 honostoo

222 622 363 690 oossurio
388 620 473 684 dioto
494 617 639 682 hominos
659 617 751 704 impii
770 629 805 681 et
824 615 1039 703 hypoorituou

222 710 352 775 duntur.

294 824 363 891 (Ubi
380 823 449 877 hooc
466 820 621 874 axiomata:
647 817 671 875 I.
690 818 779 872 bonae
795 835 844 872 m
861 818 998 873 nomm
1010 832 1039 873 oo

223 895 320 962 linunt,
338 891 397 945 uiti
413 890 519 944 malum
528 896 652 942 menum.
686 887 808 944 Tertull.
821 887 872 943 h'b.
882 887 919 943 do
949 887 957 899 '
1009 902 1039 941 vo

224 982 254 1035 p.
273 968 332 1018 tot.
346 962 381 1016 A
416 958 540 1029 Ideoque
555 956 594 1011 Π.
610 956 802 1038 ooscasdolu
815 973 871 1039 μορ
1028 992 1037 1025 ,

221 1030 855 1103 pimltouoetumaouooemnumoetomstts
955 1032 1040 1095 miton

266 1182 327 1249 m
363 1183 428 1247 uu
459 1177 849 1248 Jusumcumouu
879 1178 944 1245 uu
970 1130 1040 1243 uio

197 1368 201 1375 .
224 1321 254 1388 1.
290 1318 356 1383 Cur
377 1319 454 1381 diois
474 1318 508 1379 in
528 1315 681 1401 symbolo:
703 1313 799 1377 oredo
820 1313 1039 1381 remissionem

595 1399 759 1463 catorum?

308 1517 398 1599 Quia
418 1529 504 1581 certo
524 1525 630 1580 statuo
664 1540 715 1581 me
737 1538 845 1583 uorum
864 1517 940 1584 Deo
959 1519 1035 1584 meis

223 1604 284 1668 bus
306 1611 361 1667 aut
382 1600 532 1688 operibus
549 1600 628 1685 just‘
655 1602 720 1665 curi
739 1625 804 1666 uon
847 1624 931 1681 osso,
952 1604 1040 1670 sedu

222 1688 347 1753 sionem
361 1699 564 1774 peccatorum
643 1686 724 1750 tuito
739 1709 797 1772 per
834 1687 908 1752 dom
917 1686 1040 1757 Jesue

222 1773 302 1839 mihi
323 1770 505 1839 condonari.
547 1771 616 1836 Ui
644 1771 730 1835 enim
755 1783 961 1859 peooatorum
978 1796 1040 1839 rem

218 1859 268 1924 ibi
290 1881 365 1924 vera
387 1869 435 1922 est
449 1855 644 1941 justificatio.
689 1930 692 1935 ¹

293 1978 374 2044 (Sunt
397 1974 469 2030 enim
494 1979 641 2043 peecatum
666 1979 695 2028 et
713 1973 822 2044 justitia
844 1976 1007 2047 pugno-otiu

220 2051 387 2116 peccatum,
408 2049 437 2098 et
456 2043 591 2097 sustulisti
606 2043 753 2113 justitiam.
789 2043 906 2100 Semovo
924 2050 1040 2116 pecuum

221 2113 341 2184 posuisti
354 2112 500 2195 justitiam.
530 2111 645 2166 Nullum
665 2111 737 2166 enim
756 2111 801 2166 hio
819 2113 955 2172 modium.
973 2130 1040 2186 quau

222 2181 298 2235 vatio
315 2181 353 2234 hu
366 2199 398 2234 us
416 2187 459 2235 est
475 2180 576 2250 positio
593 2179 714 2235 ulterius.
742 2180 800 2237 Ubi
820 2181 902 2236 simul
921 2183 1040 2238 includit

219 2248 313 2303 stitiae
374 2248 433 2302 riuti
451 2249 614 2319 imputatio,
639 2248 705 2320 quia
723 2248 782 2304 sino
798 2248 852 2306 huo
869 2251 949 2307 nulls
964 2258 1040 2324 pote!

218 2316 345 2373 remissio
363 2321 560 2387 peccatorum.)

219 2435 251 2500 2.
290 2433 374 2513 Quid
401 2438 496 2522 ἱρέων
523 2450 566 2501 est
586 2436 774 2521 justificatio
800 2439 934 2506 hominis
957 2464 1040 2529 peoou

565 2545 671 2586 corum
692 2523 785 2585 Deo?

303 2622 500 2689 Justifioutio
526 2633 574 2686 est
596 2622 679 2686 aotio
695 2622 768 2707 Dei,
790 2645 855 2706 qua
875 2624 1041 2713 hominipt

217 2706 280 2772 tori
307 2729 380 2771 vere
407 2706 441 2770 iu
462 2706 626 2772 Christum
653 2707 811 2785 credenti,
843 2731 883 2774 ex
911 2711 1038 2799 gratuitu

217 2791 435 2857 misericordia
465 2796 595 2879 propter
615 2791 763 2856 meritum
786 2790 906 2859 Christi
927 2808 1041 2884 peoouu

217 2876 325 2954 mittit,
346 2888 379 2942 et
462 2876 560 2941 vitam
580 2887 742 2941 aeteruum
763 2892 918 2964 acceptat,
938 2878 1041 2949 Romi

213 2973 250 3043 ,ot
271 2984 360 3049 seqq.
385 2973 417 3026 et
438 2963 468 3048 4,
491 2963 521 3027 4.
543 2963 578 3039 5;
607 2962 710 3029 Galat.
733 2964 762 3047 2,
783 2965 803 3027 3
826 2981 886 3032 eto.

287 3079 353 3148 (Vel
376 3079 504 3141 brevius:
530 3088 572 3133 out
598 3079 723 3149 yratuita
745 3090 930 3150 peccatorum
946 3074 1041 3137 resumi

209 3148 344 3216 justitiae
370 3149 478 3203 Christi
497 3165 549 3217 per
570 3151 654 3212 fidem
671 3150 758 3213 factu
783 3152 938 3218 imputatio.
972 3144 1039 3205 Deru

215 3221 311 3272 autom
329 3223 371 3271 ost
385 3216 558 3300 justifiootiu
578 3235 640 3271 cum
658 3218 807 3300 opponitur
825 3212 1041 3301 condemnatio!

216 3287 244 3353 5,
265 3290 310 3343 18.·
340 3286 428 3356 Cujus
445 3293 589 3358 utnusque
608 3303 683 3340 vocis
703 3288 870 3359 significatio
888 3290 998 3345 forousu
1011 3286 1041 3339 ut
