2250 3772
129 237 196 302 Non
214 260 321 324 praec.
338 274 379 286 -
400 237 454 302 De
476 237 655 322 concupisc.
677 237 757 321 orig.
780 250 811 300 et
830 248 889 304 act.
915 237 975 301 141

149 408 177 473 4.
198 405 287 488 Quia
307 406 470 472 hominem
495 405 707 471 damnationis
729 416 761 470 et
781 405 979 472 maledictio-

88 489 121 556 is
139 515 225 557 reum
246 491 354 570 efficit,
380 491 451 557 Gal.
468 493 498 568 3,
523 493 571 558 10.
608 493 723 570 Mattl.
741 492 772 567 5,
793 492 843 557 22.
858 492 909 559 29.
924 493 976 559 30.

138 592 229 659 (Ratio
252 599 275 649 1.
286 593 406 647 sumitur
424 610 442 646 a
458 591 619 647 definitione
631 591 749 677 peccati,
766 591 890 662 ἆιιαρτία
902 592 979 647 ἔστιν

89 667 179 734 raptu,
197 667 222 718 1.
241 663 307 718 Jols.
327 665 355 730 3,
373 665 398 717 4.
415 663 493 715 πᾶσα
511 659 607 717 ἀδικία
628 667 751 729 αμαρτία
771 664 854 724 ἐστιν,
872 666 896 716 1.
910 663 977 718 Jot.

88 765 97 794 ,
116 733 156 784 17.
171 730 398 800 concupiscentia
412 737 454 784 est
465 730 583 802 ἀνομία,
600 735 643 784 est
655 728 757 783 ἀδικία.
770 729 803 785 Ε.
838 730 891 784 Cui
904 731 978 787 enim

88 795 189 854 efinitio
207 799 349 870 competit,
367 799 456 854 eidem
474 798 607 868 competit
624 804 653 853 et
670 797 823 856 definitum.
859 805 883 855 2.
895 798 924 853 A
938 804 978 853 tc·

87 864 193 923 imonis
218 867 322 922 divino.
360 874 384 925 3.
411 867 458 922 Ab
483 865 599 923 effectis.
637 867 734 931 Qualis
762 865 892 935 effectus,
914 868 979 922 talis

87 947 163 1004 susa,
180 938 261 1006 cujus
278 935 395 990 effectus
413 938 516 997 malus,
539 937 568 989 id
595 941 653 990 toto
673 952 776 1017 genere
796 937 899 991 bonum
918 952 979 991 esse

87 1016 142 1127 01:Q
140 1012 245 1128 Kotepn
249 1005 291 1128 t,in
307 1005 370 1059 fons
384 1005 532 1127 ttiurbidus',
547 1003 640 1143 ,etiam
663 1005 745 1059 nvuli
769 1005 834 1059 inde
853 1005 977 1060 derivati.

87 1108 91 1122 ·
179 1090 194 1128 e
217 1090 249 1129 ec
297 1089 384 1143 pecca
424 1090 562 1144 proprio„

179 1194 230 1259 87.
270 1193 354 1272 Quid
375 1207 418 1257 est
440 1193 684 1278 concupiscentia
706 1194 857 1260 actualis?

151 1295 211 1359 Est
231 1319 350 1381 pravus
371 1305 476 1358 motus
499 1306 531 1358 et
544 1294 676 1358 affectus
691 1293 890 1359 inordinatus
905 1316 978 1358 curn

87 1373 275 1529 electsstione
304 1392 335 1443 et
365 1401 522 1444 consensu
550 1379 738 1461 conjunctus
760 1379 911 1444 adversus
932 1380 979 1444 le·

86 1479 140 1527 em
194 1487 233 1529 el.

136 1564 247 1625 (Differt
274 1564 309 1618 ab
333 1562 475 1634 originali,
498 1570 529 1617 ut
551 1563 631 1617 radix
652 1568 680 1617 et
700 1562 823 1633 fructus,
847 1581 932 1619 causa
950 1571 979 1621 et

86 1624 188 1688 ffoctus.
222 1633 277 1687 Ills
293 1633 365 1687 eninr
386 1637 428 1685 est
446 1632 583 1687 duntaxat
597 1632 693 1686 nativa
710 1632 852 1687 inclinatio
871 1634 906 1687 ad
920 1651 978 1688 ms·

86 1710 133 1771 ¹111,
149 1701 219 1757 hacc
236 1718 303 1756 vero
324 1707 366 1755 est
388 1708 407 1755 1.
422 1705 512 1755 motus
531 1717 633 1770 pravus
651 1717 685 1755 ex
698 1701 794 1757 eadem
806 1701 978 1772 proveniens.

86 1761 130 1841 lon
146 1771 235 1825 solum
254 1777 354 1836 motus,
372 1769 420 1823 sed
440 1775 467 1824 et
486 1776 509 1823 2.
523 1764 644 1824 affectus*
658 1786 761 1840 pravus
777 1787 841 1824 cum
859 1770 978 1827 delecta·

86 1848 142 1894 lone
161 1847 189 1894 et
206 1852 342 1894 consensu
359 1838 524 1892 voluntario.
556 1837 650 1892 Habet
667 1839 741 1892 enim
753 1838 979 1920 concupiscentia

86 1907 181 1962 Malis
199 1925 264 1962 suos
283 1909 408 1976 gradus:
437 1913 459 1962 1.
478 1911 520 1960 est
546 1909 688 1978 suggestio
712 1907 769 1962 sive
788 1902 920 1978 cogitatio'
938 1908 979 1964 rei

86 1973 169 2039 mles,
192 1977 263 2031 levis
291 1981 320 2030 et
337 1982 538 2030 momentanea.
576 1986 599 2031 2.
618 1976 670 2029 Est
688 1975 844 2032 delectatio.
882 1982 906 2033 3.
925 1976 979 2031 Est

86 2044 209 2099 mensio
237 2043 403 2100 voluntaria.
449 2043 520 2097 Inde
542 2050 565 2099 4.
593 2045 771 2116 consequitur
800 2052 979 2127 peccatorum

86 2114 216 2168 audium
227 2130 277 2185 per
313 2113 404 2166 tratio.
434 2113 813 2183 &raaligiturPclapiaaa
827 2115 978 2194 Augustis.

85 2176 112 2230 id
127 2183 267 2254 quodvult.
306 2199 391 2237 aeres.
410 2186 451 2236 8⁸.
470 2186 490 2235 t.
511 2188 535 2236 6.
554 2183 607 2237 col.
627 2188 668 2237 32.
686 2182 717 2237 C.
744 2187 773 2236 et
797 2199 860 2236 cum
878 2183 977 2238 iisdem

85 2242 240 2320 ¹scholastici
256 2261 283 2305 ct
300 2251 452 2318 Pontificis'‚
474 2250 523 2320 qui
536 2250 789 2320 concupiscentiam
807 2251 979 2323 originalem,

85 2318 186 2389 ltcnqne
203 2320 307 2391 primos
324 2324 416 2373 motus
433 2324 462 2373 et
479 2335 512 2372 co
535 2319 672 2388 'tationes,
690 2320 726 2373 ad
741 2336 813 2390 quae
830 2336 980 2375 consensus

85 2383 216 2443 voluntatis
238 2387 336 2442 firmus
355 2405 411 2442 non
436 2403 501 2441 acce
522 2393 556 2443 rt.
584 2395 702 2467 peccata
721 2404 781 2443 esse
799 2394 919 2480 negant,
946 2406 984 2472 ac,

88 2462 150 2508 lotus
171 2458 321 2512 sentientes
342 2457 518 2511 anathemate
544 2457 659 2525 tenunt,
690 2457 794 2511 Ooocil.
819 2459 978 2514 Irideutin'.
1061 2508 1065 2520 ,

89 2530 140 2578 sas.
158 2531 179 2582 5.
197 2527 233 2581 de
252 2530 370 2596 peccato
391 2524 459 2595 orig.
479 2525 616 2580 anathem.
637 2532 660 2578 5.
679 2524 784 2583 Confer,
801 2525 922 2596 Grapso.
942 2529 977 2581 dc

93 2583 181 2646 Valent.
203 2595 274 2664 disp.
293 2601 317 2648 6.
333 2593 362 2647 in
379 2593 478 2649 Thom.
506 2611 532 2663 q.
553 2599 591 2648 12.
616 2611 645 2662 p.
666 2599 687 2649 1.
711 2599 732 2647 t.
753 2600 776 2650 2.
794 2595 845 2648 col.
865 2601 922 2650 755.
940 2594 978 2651 D.

93 2659 174 2719 etita,
189 2663 220 2718 P.
260 2665 321 2716 Nec
340 2664 432 2716 obstat
455 2669 476 2716 l.
501 2663 576 2783 qpod
598 2667 690 2716 motus
707 2663 753 2716 isti
772 2670 837 2717 sunt
856 2680 976 2718 momen-

93 2725 154 2795 Ἀκί,
164 2748 213 2786 nec
231 2747 346 2785 assensu
358 2739 451 2784 nostro
464 2747 515 2800 pro
535 2737 617 2785 antur
630 2732 679 2785 sed
691 2732 882 2801 repudiantur.
910 2734 978 2787 Bcl-

95 2787 155 2869 ῑφη,
168 2799 185 2854 l.
203 2808 226 2856 5.
247 2801 283 2854 de
303 2800 394 2853 amiss.
412 2805 483 2870 grat.
503 2815 525 2853 c.
544 2805 568 2855 9.
587 2804 607 2854 t.
627 2807 650 2854 4.
671 2800 724 2856 col
737 2807 796 2854 347.
815 2799 850 2853 D.
871 2801 977 2856 Concu·

96 2869 203 2923 lunda
228 2870 302 2923 enim
326 2884 359 2922 eo
377 2869 439 2939 ipso
453 2868 518 2921 dum
537 2868 709 2938 concupiscit
727 2875 755 2923 et
772 2868 877 2940 gliscit,
904 2875 980 2925 certe

97 2937 292 3004 aaupinenns
315 2943 373 3000 est,
398 2936 451 2990 hoc
474 2943 624 3006 praecepto
650 2938 798 3003 damnata,
826 2942 854 2991 et
871 2937 979 2993 etiamsi

97 3006 213 3068 proaem
229 3005 310 3061 nobis
329 3005 481 3074 irascimur,
500 3005 679 3059 nihilominus
697 3005 758 3076 ipse
768 3010 859 3060 motus
879 3010 979 3062 etsen-

98 3074 129 3115 ’Ν
140 3074 195 3146 usli
221 3074 302 3129 nobis
319 3090 376 3128 non
392 3073 570 3144 opinantibus
590 3079 618 3128 et
635 3073 818 3128 renitentibus
835 3074 979 3146 obrepens,

99 3135 128 3183 Μ
139 3115 308 3212 inordinatus,
326 3144 450 3213 adeoque
468 3147 613 3212 peccatum
624 3142 826 3214 gravissimum.
859 3145 920 3198 Nec
932 3146 978 3200 ob·

98 3203 137 3251 aas
149 3211 167 3261 ².
182 3213 254 3283 quod
274 3218 365 3266 motus
384 3218 412 3266 et
431 3211 572 3282 appetitus
593 3212 646 3267 iste
665 3217 707 3266 est
723 3211 866 3266 naturalis.
896 3215 980 3268 Idem

97 3264 134 3322 col
147 3278 196 3334 ill.
213 3282 243 3335 0.
280 3280 352 3336 Sunt
370 3280 443 3334 enim
464 3286 555 3334 motus
569 3280 599 3333 hi
613 3280 694 3347 boni,
720 3296 776 3351 qua
794 3287 899 3350 motus,
930 3282 980 3338 sed
