2250 3772
451 240 625 327 Scriptura.
952 238 999 305 45

177 410 367 479 scriberentur,
388 426 459 479 pstea
477 411 566 464 edati
584 410 755 464 credeutt‘am
771 410 906 473 sufficere
917 409 994 463 uide

189 498 195 532 ·.
226 480 378 549 despuetur.
394 483 478 533 tract.
497 485 540 536 49.
559 480 588 532 in
605 478 669 534 Joh.
689 483 711 532 t.
730 484 754 535 9³
773 478 825 535 ool.
845 482 904 531 355.
915 477 952 532 D.
961 476 994 533 tt.

112 547 182 600 ttstte
202 547 249 602 illa
274 565 347 618 quae
365 547 469 616 scripta
494 564 551 601 non
568 552 646 614 sunt,
671 548 716 601 rel
735 545 912 600 consentiunt
931 562 997 601 cum
1107 610 1109 614 ¹

113 616 217 679 emtus,
236 633 310 687 quae
327 616 433 686 scripta
453 620 532 685 sunt,
550 617 596 670 vel
614 615 782 670 adsalutem
799 614 880 669 nobis
901 631 995 670 neces·

111 684 162 738 suia
179 701 232 739 non
255 689 329 740 sunt
372 691 398 740 3.
413 683 511 740 Stante
533 685 589 739 ista
609 683 813 754 pontificiorum
838 683 996 754 hypothesi,
1097 682 1104 701 ¹

111 767 180 806 onnes
195 753 328 808 haeretici
345 753 478 808 audacias
498 753 692 824 figmentorum
709 769 830 820 suorum,
851 768 922 822 quas
938 769 996 806 ma-

111 820 162 876 rine
175 823 299 877 exhorret
317 839 414 889 sensus
431 822 577 890 humanus,
596 823 650 876 hac
662 821 807 876 occasione
818 821 996 892 evangelicae

110 892 233 957 sententiaa
257 891 382 945 colorare
408 899 539 960 possunt,
567 907 631 944 suas
656 891 714 944 scil.
742 889 869 945 haereses
897 890 994 944 eadem

109 955 157 1013 hese
170 960 255 1014 mutto
275 976 345 1027 esse,
363 960 399 1014 de
429 960 513 1014 uibus
529 959 582 1014 hoc
595 959 723 1018 Christus
736 958 819 1021 dicat,
837 958 913 1029 quod
930 975 995 1031 por·

109 1026 145 1080 mi
164 1045 215 1083 non
241 1034 366 1098 possent
428 1029 548 1097 aparatio.
568 1032 648 1084 tract.
668 1034 709 1084 97.
732 1027 762 1081 in
781 1026 845 1082 Joh.
864 1031 882 1080 t.
900 1032 924 1082 9.
942 1026 994 1082 col.

109 1097 149 1150 stt.
162 1096 189 1153 B.
226 1097 298 1150 Inde
322 1113 388 1151 vero
413 1113 485 1167 quae
509 1096 618 1152 sentina
636 1096 883 1152 abominandamm
899 1095 995 1150 haere·

108 1161 159 1221 inm
182 1167 317 1220 mundum
343 1165 478 1220 obrutura
501 1166 593 1220 esset?
636 1172 662 1222 4.
680 1165 753 1220 Cum
774 1163 900 1218 Christus
925 1164 995 1218 haec

108 1232 173 1354 pupulas
186 1234 313 1357 tatcpergt,
326 1234 394 1361 puis
410 1232 615 1304 pontificiorum
633 1232 715 1300 dicet,
733 1233 858 1288 haecrel
875 1230 932 1301 illa,
949 1233 996 1287 vel

161 1320 208 1358 sun
300 1321 308 1354 1

107 1372 259 1440 Meuius,
283 1373 334 1440 qut
357 1390 420 1424 cum
438 1372 544 1425 AEemtt
563 1372 650 1425 etium
665 1389 734 1424 cera
753 1371 852 1440 quibus
867 1370 996 1439 noluerit,

108 1450 159 1505 tter
177 1441 312 1502 edomet,
333 1442 394 1493 sine
413 1441 474 1495 atto
498 1440 656 1495 testimonio
676 1440 772 1494 divino
791 1440 933 1507 affirmet,
962 1457 996 1495 ea

108 1514 155 1588 esse,
169 1525 238 1577 qnae
257 1517 324 1562 tunc
342 1508 436 1562 dicere
452 1510 582 1562 dominas
599 1509 715 1562 notuit!
746 1509 897 1578 Aepusts'n.
916 1514 996 1563 tract

108 1574 172 1650 ttrn
185 1577 249 1633 doh.
271 1577 322 1632 eol.
341 1583 400 1632 478.
414 1579 450 1633 A.
467 1578 501 1634 Β.
535 1579 596 1631 Nee
614 1579 706 1631 obstat
725 1581 748 1632 2.
768 1580 796 1631 2.
808 1578 940 1639 Thesatt,
951 1581 994 1645 td,

107 1644 155 1698 litu
167 1646 292 1702 torma.
312 1648 392 1716 epist.
410 1650 438 1712 2,
456 1650 500 1699 12.
518 1656 545 1700 et
563 1649 591 1711 3,
609 1649 653 1700 13,
670 1649 712 1702 14.
749 1646 889 1702 Betturm.
912 1645 996 1726 alleg.

106 1705 142 1787 tie.
156 1715 203 1773 soi
224 1721 281 1769 175.
299 1714 329 1769 c.
349 1720 378 1769 et
395 1715 446 1770 eoi.
465 1721 524 1787 rao.
544 1716 578 1768 u
612 1715 665 1768 Est
682 1713 756 1769 enim
776 1720 795 1769 r.
817 1714 996 1784 homonyma

106 1790 127 1832 u
143 1782 273 1838 vocabulo
297 1783 492 1851 traditionum,
516 1800 567 1853 per
590 1799 659 1854 quas
684 1782 840 1837 doctrinam
857 1782 1009 1857 evangelii.

105 1852 224 1917 numius
245 1851 389 1923 inteiligit,
414 1869 497 1922 quam
521 1857 549 1906 et
573 1852 636 1906 rivo
654 1867 778 1906 sermone
797 1851 943 1919 docuerat,
968 1856 997 1907 et

105 1929 140 1983 ptr
153 1920 281 1990 epistolas
305 1920 363 1974 sive
388 1920 482 1975 literas
507 1920 561 1974 iliis
579 1920 838 1974 communicaverat.
874 1926 896 1974 2.
917 1918 997 1983 Quae

104 1989 200 2111 W
216 2005 269 2059 per
280 2004 441 2071 ‘sermonem
457 2005 550 2070 coram
560 2007 600 2113 {x
623 1994 763 2113 oeperunt,
773 1988 929 2110 trlrorpifuere
941 1988 997 2111 alpe

104 2070 559 2196 Βρίιὶῒξωᾚαεὲῗὲῒιῗεῗαῖυῖιξῖ
575 2073 808 2206 nustueetsdlulgtus
817 2071 998 2181 tguffie:

103 2199 151 2248 tent
167 2212 251 2268 quam
268 2195 453 2265 scripserunt,
475 2195 528 2248 sibi
549 2195 604 2266 ipsi
629 2202 783 2249 contrarius
799 2211 850 2249 nec
866 2201 921 2259 est,
944 2210 997 2250 nec

346 1310 426 1371 rcent,
447 1303 523 1357 unde
540 1302 719 1374 probabunt?
759 1302 826 1364 Quis
846 1303 920 1354 euim
936 1310 996 1356 tem
1102 1339 1107 1349 ·

103 2273 148 2318 ttae
160 2269 259 2335 potest.
303 2269 327 2318 3.
345 2262 523 2319 concernunt
540 2264 593 2319 hae
610 2264 772 2318 traditiones
790 2263 837 2318 vel
855 2263 996 2318 doctrinae
1078 2297 1081 2303 -

103 2333 261 2408 angelicae
282 2332 384 2403 capita,
422 2349 475 2387 uae
493 2350 511 2386 a
530 2333 568 2387 ud
585 2333 660 2404 ipsos
676 2332 784 2402 docuit,
800 2349 873 2403 quae
889 2336 922 2386 ut
939 2348 997 2386 ma·

103 2410 157 2455 nne
172 2402 201 2456 in
218 2400 304 2483 priori
324 2351 441 2471 epistiia
459 2403 495 2455 ad
534 2401 633 2465 hessal.
652 2419 709 2456 non
728 2401 820 2456 omnia
838 2401 997 2471 complexus

103 2472 142 2532 et,
167 2487 198 2526 aa
220 2486 284 2541 apsa
305 2475 400 2524 tamen
417 2471 447 2524 iu
466 2470 589 2540 epistolis
613 2471 673 2541 ejus
692 2469 766 2539 aliis,
785 2486 858 2541 quae
879 2476 997 2538 exstant,

103 2539 275 2613 tpntinentur:
296 2538 343 2593 vel
359 2539 463 2592 rituum
480 2540 645 2609 adiaphoris,
672 2555 743 2609 quae
770 2538 854 2609 hujus
873 2537 997 2609 disputa·

103 2603 166 2660 tona
179 2624 236 2662 non
253 2613 325 2660 sunt.
360 2607 476 2662 Frustra
494 2609 540 2661 hio
558 2614 600 2662 est
612 2608 816 2674 Belturms'nae,
834 2608 902 2660 dum
915 2610 999 2678 urget

104 2675 247 2738 maulam
269 2679 322 2729 stas
341 2677 408 2744 stne,
427 2677 473 2730 all.
488 2676 584 2732 Thess.
602 2677 672 2732 loco.
701 2675 743 2730 Ea
761 2675 835 2730 enim
854 2693 911 2730 non
927 2692 998 2730 sem·

105 2752 140 2805 ptr
154 2745 267 2800 denotat
285 2743 513 2813 disjunctionem,
531 2746 580 2799 sed
598 2749 627 2800 ct
643 2744 860 2814 copulationem,
885 2749 909 2800 1.
932 2745 996 2798 Gor.

106 2809 136 2877 18,
154 2816 174 2867 8.
209 2818 234 2869 1.
245 2811 310 2866 Gor.
325 2817 368 2877 15,
388 2816 429 2868 11.
462 2813 568 2868 Colore.
581 2817 606 2881 1,
625 2817 671 2867 20.
707 2813 748 2869 Ut
765 2813 882 2866 maxima
904 2816 998 2866 autem

106 2873 254 2949 disjunctiva
271 2885 356 2949 esset,
383 2899 439 2936 non
458 2881 498 2936 sic
516 2885 625 2949 tamen,
656 2881 732 2953 qnod
749 2881 825 2949 vult,
853 2880 997 2935 obtineret

105 2938 263 3004 Probandum
282 2949 356 3004 enim
373 2949 551 3004 nihilominus
571 2955 652 3013 esset,
673 2967 720 3004 eas
737 2949 909 3017 traditiones,
945 2965 999 3004 une

106 3024 142 3078 ter
156 3034 305 3073 sermonem
323 3018 398 3088 ipsos
416 3019 548 3087 docuerit,
569 3019 604 3073 ab
620 3019 684 3087 illis,
704 3034 775 3090 quae
791 3035 841 3087 per
852 3019 942 3087 episto
953 3034 999 3071 am

107 3083 240 3156 madent,
258 3087 329 3141 alias
346 3094 430 3158 atque
448 3089 570 3142 diversas
581 3087 676 3155 tuisse,
696 3086 750 3140 imo
764 3085 814 3139 has
826 3086 910 3167 ipsas,
929 3103 1000 3159 quas

107 3152 218 3217 nutricii
234 3155 398 3220 venditant,
421 3172 468 3210 eas
484 3156 559 3226 ipsas
577 3155 741 3210 traditiones
758 3153 907 3224 Pauhnas,
931 3173 999 3227 qua·

107 3231 154 3297 ‘im
168 3221 212 3278 hic
230 3223 399 3278 mentionem
416 3225 492 3289 tacit,
509 3241 576 3280 esse.
615 3225 671 3278 Hic
689 3240 763 3295 aqua
777 3223 897 3294 jesuitae
908 3228 937 3279 et
951 3240 1000 3296 pa-

109 3290 186 3352 uum
202 3292 331 3348 omnibns
348 3292 480 3348 haerebit.
512 3296 573 3348 Nec
593 3295 684 3347 chnut
701 3298 724 3348 3.
744 3297 768 3348 1.
783 3293 900 3348 dimotis.
915 3297 941 3366 6,
954 3296 1000 3348 tt.
