2250 3772
351 104 512 187 Quartum
532 114 746 191 praeceptum
940 102 1004 171 103

127 281 172 335 tros
211 272 217 285 '
291 273 534 329 etbenadietione.
564 272 751 345 Longaevitas
762 287 882 343 namque
893 271 999 343 infelix,
1082 280 1087 287 '

124 351 165 392 eon
191 341 335 412 tnafieinm,
354 342 404 397 sed
422 341 554 396 diuturna
570 341 738 409 earnificina,
759 342 816 396 Sir.
834 344 877 410 41,
895 342 941 410 3.)

121 435 158 505 11.
188 445 243 509 Otr
264 468 336 509 oero
358 447 454 510 eidem
476 447 717 529 promissionem
739 445 817 509 bono
842 449 1000 530 speciatim

420 530 510 593 Dens
525 528 669 595 addidit?

58 630 60 695 ἶ
146 592 155 621 l
179 628 221 694 Ut
243 631 272 698 1.
285 628 441 714 singulari
456 629 517 694 hoe
530 629 672 716 praemio
687 630 729 694 ad
744 631 1000 698 observationem

113 708 167 801 tias
184 715 284 801 magis
305 736 365 778 nos
387 713 603 815 exsuscitaret.

112 798 411 949 ltoeffirgssrm
424 810 599 940 ¹parentum
616 799 771 865 honorem
791 800 919 879 faceret,
940 825 1001 887 pn·

176 969 221 1035 Ut
251 970 281 1035 3.
313 933 411 1053 quam
440 969 621 1034 necessaria
650 969 692 1032 sit
717 969 811 1053 hujus
837 970 1000 1057 praecepti

108 1047 282 1132 obedentia,
305 1054 494 1120 ostenderet.

163 1152 402 1234 (Quandoquidem
426 1153 510 1235 lru'ns
532 1170 633 1223 praees
652 1154 689 1235 ti,
716 1155 791 1227 quod
814 1154 934 1225 primum
955 1161 1000 1211 eat

105 1222 297 1281 immisionem
314 1223 452 1293 (speoralrs
461 1171 548 1292 liujus
559 1173 698 1284 benaich)
710 1222 825 1292 habens,
844 1225 918 1293 Epi.
931 1228 956 1294 6,
971 1229 998 1294 2,

104 1282 247 1368 (tiodientia
263 1290 440 1361 praeparatio
457 1290 517 1346 sive
536 1307 622 1346 eausa
639 1290 788 1362 impulsiva
807 1299 850 1348 est
864 1293 900 1347 ad
910 1298 999 1349 totam

103 1353 150 1409 rel
164 1376 210 1415 nae
235 1359 308 1431 legis
334 1359 528 1415 obedientiam.
573 1358 670 1415 Stante
694 1360 830 1432 siquidem
848 1359 952 1417 honore
971 1369 1000 1418 et

102 1374 248 1483 obelientia
258 1427 420 1509 inferiorum
429 1444 497 1500 erga
507 1429 670 1498 superiores,
686 1429 820 1484 mandata
829 1429 999 1502 reliquorum

102 1500 298 1567 sumptorum
315 1496 399 1553 saorla
415 1496 638 1552 observabuntur
662 1503 691 1553 et
708 1503 813 1555 eontra.
848 1500 908 1553 Neo
926 1501 997 1554 obst.

102 1562 168 1677 im
183 1564 263 1620 multi
279 1564 364 1622 etiam
379 1564 457 1635 impii
478 1572 507 1620 et
526 1565 717 1622 inobedientes
737 1573 802 1621 sunt
819 1566 950 1638 longaevi
970 1574 999 1624 et

106 1628 196 1703 ⁸elices,
220 1634 261 1704 pii
285 1651 301 1689 e
325 1634 461 1689 contrario
487 1640 516 1688 et
533 1634 696 1690 obedientes
713 1635 743 1689 in
760 1633 828 1690 flore
842 1637 999 1706 juventutis

104 1701 235 1759 teneant.
268 1708 292 1760 1.
310 1702 393 1757 Enim
411 1701 539 1773 exempla
556 1719 647 1774 panea
657 1721 714 1759 non
724 1708 853 1759 evertunt
862 1705 998 1776 regulam,

103 1762 351 1895 tenuante
366 1771 558 1895 nmen
575 1772 999 1899 intentamente

104 1872 164 1959 viis
179 1882 206 1963 ts
220 1857 916 1991 feneitas'iipmqaepgnvroremlnmiqoinem
931 1858 999 1966 iub-

105 1980 241 2047 Quturam
258 1978 433 2046 conceditur,
460 1981 571 2031 matura
588 1994 653 2033 varo
673 1994 783 2047 prorum
801 1996 831 2031 m
851 1978 998 2035 coelestem

106 2044 175 2121 ’11111
193 2045 355 2108 translatio,
381 2046 412 2100 in
436 2045 624 2102 beatissimam
650 2045 847 2118 longaevitatis
869 2064 998 2119 oompen·

105 2110 219 2169 atonem
233 2114 410 2183 immittitur.)

109 2204 148 2273 23·
178 2216 260 2296 Quae
281 2231 325 2283 eat
348 2219 544 2282 comminatio
568 2228 595 2280 et
614 2240 721 2347 poeno
743 2219 885 2303 specialis
906 2219 997 2304 bajus

444 2304 620 2386 praecepti.

118 2406 122 2416 '
174 2400 366 2467 Maledictus
376 2423 443 2465 non
452 2402 612 2466 honorans
624 2412 757 2487 patrem,
769 2402 863 2469 Dent.
874 2404 926 2482 27,
945 2406 994 2471 16.
1102 2442 1105 2447 -

112 2470 162 2555 Qui
177 2487 257 2572 patri
279 2496 335 2550 aut
355 2486 449 2551 matri
469 2485 687 2564 maledixerit,
709 2497 811 2552 morte
832 2489 997 2568 moriatur,

111 2556 259 2667 1101121,
281 2571 332 2637 15.
374 2571 473 2640 Lenit.
495 2573 547 2657 20,
567 2571 596 2635 9.

163 2668 301 2742 (llxempla
311 2669 510 2740 praemiorum:
527 2670 592 2726 Sem
604 2676 633 2725 et
641 2671 661 2726 J
662 2670 753 2740 aphet,
769 2670 840 2728 Gen.
854 2676 879 2741 2,
892 2675 937 2728 26.
949 2674 995 2727 27.

109 2723 197 2804 Ttbin,
215 2741 283 2797 Tot.
304 2744 331 2808 5,
351 2742 394 2792 16.
410 2738 524 2809 ioseph,
546 2737 616 2793 Gen
633 2743 676 2808 48,
694 2742 741 2795 25.
778 2739 913 2820 Exempla
951 2756 996 2796 oa·

110 2808 307 2872 1¹trurrtham
328 2808 399 2862 Gen.
411 2810 438 2876 9,
456 2811 502 2863 25.
520 2807 629 2872 Ruben
651 2807 721 2863 Gen.
734 2811 778 2876 te,
791 2812 818 2864 3.
844 2758 995 2879 andioli,

112 2868 132 2918 ¹·
146 2870 206 2932 Sem.
226 2881 251 2946 4,
271 2879 375 2933 17.18.
397 2875 532 2943 Absolon,
551 2879 578 2930 2.
599 2876 675 2931 Sam.
697 2881 734 2943 tt,
752 2880 777 2931 9.
802 2883 830 2932 et
846 2892 895 2948 seq
916 2882 997 2936 .en.

112 2928 185 3017 Ullum
202 2946 333 3002 observa:
357 2944 424 3017 quia
445 2945 544 3000 eadem
564 2951 607 3000 est
623 2944 700 3000 ¹ratio
718 2944 840 2999 omnium
857 2962 888 3000 or
938 2964 994 3011 um,

110 3016 148 3084 (1¹13
161 3011 191 3065 sd
206 3020 336 3097 quartum
346 3019 525 3084 praeceptum
541 3012 698 3069 referuntur
728 3013 872 3083 promissio
884 3015 932 3069 uni
943 3015 995 3071 ali·

111 3082 148 3150 ΦΨ
159 3084 231 3159 statas
248 3083 324 3148 data,
342 3086 419 3136 reete
434 3081 554 3146 rotamur
570 3081 655 3137 etiam
671 3052 711 3136 nl
725 3081 819 3136 alium.
855 3081 901 3139 De
920 3100 995 3140 oom-
1060 3092 1070 3119 ’

111 3151 280 3207 maenibus
300 3150 375 3205 idem
394 3156 453 3206 esto
465 3150 626 3220 judieinm.)
1004 3189 1006 3194 .
