2250 3772
348 247 533 314 Secundum
555 259 768 334 praeceptum.
970 247 1015 314 <85

102 413 137 493 dc
158 413 236 469 cultu
249 421 337 471 sanet
348 425 378 471 c.
393 422 416 473 8.
437 422 495 472 tl.
515 417 567 473 col.
583 422 640 474 889.
661 417 692 472 C.
723 415 776 470 Est
793 415 866 470 enim
884 415 1014 470 elenchus

105 482 244 542 omilium.
275 484 352 539 Istae
372 493 394 542 1.
409 486 648 558 peregrinationes
659 485 751 540 aDeo
770 488 943 555 praeceptae,
961 483 1015 538 hae

105 567 161 604 uon
179 552 251 609 item.
282 555 359 608 Istae
379 560 404 610 2.
422 571 478 608 non
492 561 643 625 ,susceptae
662 573 695 610 ex
712 559 785 619 voto,
801 553 924 620 haenon
937 553 1014 607 item.

107 619 180 674 istae
197 626 222 678 3.
240 638 296 677 non
314 623 351 677 ad
369 631 480 678 sanctos
499 623 670 690 demortuos,
687 629 820 694 tanquam
838 625 968 692 patronos
986 626 1015 676 et

109 688 269 745 mediatores
287 696 316 745 ct
333 697 442 746 nostros
461 691 536 748 Deos
556 693 708 764 quosdam,
726 692 777 746 sed
796 691 833 745 ad
848 689 1014 745 tabernacu-

110 755 161 810 lum
178 757 231 814 Dei
246 759 365 815 virentis
382 761 483 830 factae,
500 761 555 814 hae
571 776 628 814 non
644 761 718 815 item.
751 759 863 814 Pudeat
879 758 911 812 Ε.
924 759 1015 814 Jesui·

113 831 172 894 tam,
189 826 225 882 ab
243 827 306 883 istis
325 829 362 884 ad
380 829 431 884 has
449 835 508 884 tam
527 829 645 884 ridicule
663 834 692 884 et
707 828 852 899 pueriliter
867 843 1014 898 argumen-

115 893 169 972 ἰπὶ
204 897 264 950 Neo
282 897 393 951 obstaret
411 904 437 957 2.
456 897 582 968 exempla
601 903 722 970 patrum,
740 897 788 970 qui
807 901 835 952 et
851 902 918 951 vota
934 912 1012 965 prae-

118 965 240 1034 atterunt,
258 969 287 1019 et
303 966 540 1047 peregrinationes
558 971 747 1036 susceperunt.
767 966 860 1039 ¹Idaea
876 964 943 1018 ibid.
960 963 1011 1017 col.

120 1033 168 1086 889.
183 1031 223 1106 D.
254 1033 320 1090 Non
337 1050 411 1088 emm
428 1035 594 1104 ridendum,
617 1036 686 1106 quid
710 1035 817 1090 iactum
843 1050 860 1087 a
878 1032 1014 1103 patribus,

120 1112 200 1155 Vtrum
222 1119 258 1156 an
279 1104 343 1173 jure
365 1103 480 1158 factum.
524 1111 550 1161 2.
568 1104 684 1158 Petrum
707 1104 822 1157 istorum
845 1102 937 1172 praxis
961 1118 1013 1155 nec

121 1181 196 1222 rerum
217 1171 341 1236 veritati,
365 1189 417 1228 neo
441 1188 542 1227 causae
567 1172 633 1227 fidei
651 1170 1013 1244 quicquam‘praejudicare

123 1239 203 1302 potest
235 1244 259 1294 3.
276 1239 376 1295 Patres
393 1241 558 1312 opponimus
574 1241 709 1311 patribus.
745 1241 909 1307 Hieronem.
931 1237 1012 1308 epist.

125 1300 153 1355 td
163 1304 263 1363 Paulin.
279 1315 346 1364 tom.
361 1317 384 1364 1.
402 1327 430 1380 p.
448 1316 505 1365 102.
520 1309 551 1366 O.
580 1310 700 1378 arceor.
711 1312 829 1378 Nysaeo.
841 1313 911 1365 orat.
924 1312 1012 1361 contr.

122 1375 549 1515 tralent'alllla
572 1378 834 1518 ‘illailllbtl
855 1382 954 1499 tle
969 1382 1012 1499 t·

126 1519 145 1558 e·
160 1513 208 1569 241.
245 1513 283 1569 Et
300 1516 435 1584 Mapdcb.
456 1516 532 1570 Ceut.
550 1523 575 1572 4.
594 1533 617 1571 c.
642 1521 680 1571 10.
696 1520 794 1587 p.'936
812 1517 881 1585 seq.)

127 1607 164 1674 fil·
189 1615 270 1693 Quae
299 1633 343 1682 eat
364 1622 503 1704 specialia
526 1623 722 1684 comminatio
743 1633 771 1684 et
813 1643 888 1683 cena
910 1630 1012 1681 tronc-

315 1710 492 1789 qreaaorum
512 1705 603 1788 bajus
617 1709 790 1790 praecepti.

190 1801 260 1868 Non
267 1803 1012 1888 habebitdominusinsontemillum,quiassum-

98 1933 102 1942 .
125 1881 303 1953 seritnomen
315 1890 383 1974 ejus
394 1890 567 1967 insanum,
584 1892 689 1956 Esod.
700 1891 753 1968 20,
767 1892 796 1965 7.
816 1888 948 1964 Deutb,
961 1889 1011 1953 11.

177 1985 263 2054 (Quen
283 2005 350 2044 uam
369 1988 508 2060 generalis
528 1988 717 2057 comminatio,
746 2006 820 2061 quae
838 2004 869 2042 se
886 1986 1011 2043 extendit

124 2007 400 2129 adtinguladecalogi
416 2063 575 2128 praecepta,
592 2058 681 2127 primo
693 2075 803 2113 annexa
814 2063 871 2112 est:
889 2074 941 2128 ego
953 2055 1010 2110 Do·

124 2125 285 2182 munaus
304 2133 371 2181 tuus
384 2126 461 2181 Deus
477 2126 581 2180 zelotes
598 2130 668 2195 eto,
686 2127 808 2181 secundo
828 2131 922 2181 tamen
953 2142 1012 2180 rae

124 2192 187 2270 iili?
206 2195 353 2265 peculiaris
376 2194 502 2265 subjecta
520 2200 563 2249 est
585 2195 762 2249 comminatio
767 2237 776 2277 2
801 2201 834 2249 ut
854 2143 1011 2250 ostenderet

123 2250 225 2316 dommus
255 2271 278 2320 1.
301 2263 419 2336 Singula
444 2268 596 2334 praecepta
627 2263 730 2319 habere
751 2263 875 2336 singulas
900 2263 1011 2318 commi-

122 2322 224 2385 nationes
243 2337 272 2388 et
289 2349 417 2403 poenam,
438 2348 511 2414 quae
529 2331 698 2402 eScriptnra
718 2333 847 2388 eruenda.
877 2338 902 2387 2.
913 2332 1009 2389 Vanae
1040 2365 1042 2371 ·

122 2401 169 2447 ἰπὶ
182 2414 210 2454 cc
229 2400 358 2482 'tationes
374 2399 517 2483 hommum
534 2400 582 2454 vul
603 2417 620 2481 o
637 2401 690 2455 sibi
708 2400 948 2483 persuadentium,
968 2400 1009 2454 in·

123 2467 196 2520 wntes
222 2480 270 2524 ore
287 2469 363 2538 illos,
383 2487 431 2541 qur
448 2486 549 2524 nomen
596 2485 697 2524 ernon
714 2474 891 2524 mvocant-et
926 2468 1010 2523 lonfi·

77 2600 82 2613 Ι
123 2536 180 2584 mla
215 2543 236 2594 3.
260 2537 379 2620 Etiamsi
398 2545 634 2620 transgressorum
658 2555 762 2608 poenas
788 2545 955 2619 tempores
981 2542 1010 2590 et

123 2605 685 2745 sceleratarearra
703 2611 1010 2746 errarunt

121 2729 188 2793 Nlla
198 2744 240 2813 22,
247 2747 293 2799 31.
308 2744 505 2811 Sennacherib,
518 2747 546 2797 2.
554 2745 624 2812 Rep.
634 2747 676 2811 19,
683 2746 731 2814 36,
746 2743 882 2811 Herodes,
894 2744 957 2796 Act.
966 2744 1012 2810 12,

122 2799 160 2854 23·
184 2806 368 2867 Praemiorum
387 2813 513 2883 exempla
529 2812 594 2868 ride
609 2813 667 2866 Sir.
679 2816 722 2866 46.
740 2816 780 2867 47.
796 2816 837 2866 48.
857 2814 900 2864 49.
918 2809 1011 2881 capp.)

123 2906 166 2979 62·
184 2919 299 2997 Quaero
314 2925 414 2988 adbuc
428 2948 540 2987 onum:
558 2926 668 3008 quisti,
685 2927 768 3008 quod
777 2927 810 2986 in
822 2923 1011 3007 simpulorum

117 3004 1011 3091 preceptoremreplicationelroonpoolpmvoDJortero

140 3094 341 3162 muniamur:
362 3091 516 3156 debemus
528 3090 637 3154 Deum
656 3091 767 3154 timere
790 3101 822 3154 et
836 3090 991 3175 diligere?

194 3184 234 3254 Ut
261 3201 454 3256 monstretur
482 3189 574 3269 fons,
604 3214 621 3256 e
644 3214 707 3276 quo
729 3191 837 3256 omnia
858 3214 956 3278 opera
976 3191 1010 3254 in

124 3259 254 3360 decalogo
273 3286 444 3363 praecepta
464 3298 653 3361 premanere
675 3277 803 3354 debent,
825 3276 881 3361 qni
903 3288 950 3341 est
971 3275 1011 3338 ti-
