2250 3772
291 235 443 322 Syllabue
464 259 571 302 rerum
592 248 624 302 et
644 237 822 305 verborum.
949 239 1014 305 659

107 405 231 459 Juctitr‘o
253 405 327 472 Dei,
349 421 367 458 e
389 403 498 459 Christo
519 410 613 459 nostro
635 405 695 460 loco
718 405 853 477 praestita
872 412 921 461 est
954 414 1013 463 375.

142 473 353 528 fundamentum
371 474 575 528 resurrectionis
592 481 760 528 mortuorum
777 482 826 530 est
845 480 903 530 eto.

106 542 231 597 Justitia
242 559 395 611 perronae,
413 542 610 612 distinguenda
633 551 676 598 est
692 561 710 598 e
724 544 837 613 justitia
853 544 929 599 facti
953 550 1012 601 384.

141 610 289 666 inhaesus
306 610 342 665 ab
361 611 534 681 imputative.
553 613 621 667 ibid.

107 744 191 807 Κατ’
220 742 297 807 ἄλλο,
324 743 403 799 aliter
429 745 546 800 sumitur
570 746 599 799 in
620 746 642 803 1.
669 763 805 802 commun.
831 736 924 803 idion.
947 765 1012 818 gen.

144 831 228 886 quam
245 814 275 868 in
290 812 328 868 11.
348 819 406 869 283.

107 887 247 952 Κατηχεῑν
267 887 312 936 καὶ
330 886 488 951 κατηχίζειν,
506 883 684 952 explicantur.
704 890 716 939 1
736 901 792 955 seq.

106 1018 200 1088 Λαβὴ,
218 1018 380 1089 explicatur.
399 1023 456 1072 546.

106 1089 199 1157 Latet,
220 1086 418 1142 describuntur.
437 1092 478 1140 27.
505 1103 560 1140 nou
578 1093 643 1140 sunt
658 1103 676 1140 a
690 1087 847 1156 Scripturas
860 1108 882 1146 s.
894 1090 1012 1145 lectione

76 1160 80 1168 '
142 1157 262 1212 arcendi.
281 1157 349 1210 ibid.
396 1155 426 1209 in
443 1171 508 1209 casu
525 1156 697 1210 necessitatis
713 1162 829 1225 possunt
847 1158 1015 1227 baptismum

142 1225 342 1280 administrare.
364 1228 421 1278 500.
450 1241 507 1277 non
522 1241 587 1278 vero
605 1241 717 1278 coenam
736 1223 820 1277 etiam
837 1226 1011 1282 dominicam.

143 1301 201 1350 591.
233 1311 250 1348 a
266 1291 478 1363 participatione
487 1291 588 1346 'caliois
606 1309 661 1346 non
681 1300 745 1346 sunt
763 1294 934 1349 excludendi.
953 1302 1012 1352 583.

106 1364 299 1417 Laodiceeum
317 1360 473 1430 concilium,
490 1362 588 1431 reJecit
604 1362 650 1415 lib.
669 1363 951 1429 drurrpoxurourxorir.
973 1371 1012 1420 14.

104 1434 220 1501 Lapsae
236 1431 353 1484 hamoni
371 1447 471 1498 cauea,
494 1447 550 1484 non
569 1436 611 1484 est
628 1429 714 1484 Deus.
741 1437 796 1485 155.
840 1432 1013 1490 describitur.

144 1507 192 1557 160
211 1515 241 1553 ae
263 1541 270 1554 .
291 1504 350 1554 324.
913 1543 914 1546 ,

104 1570 213 1627 Latino
231 1516 379 1620 bibliorum
396 1567 486 1619 versio
505 1568 630 1634 culpata,
647 1584 703 1621 non
722 1574 765 1621 est
781 1569 949 1624 authentica.
971 1575 1012 1626 22.

142 1643 203 1694 995.
239 1636 299 1706 ejus
317 1640 397 1689 autor
416 1633 537 1688 incertus
556 1640 606 1703 est,
627 1635 772 1691 translatio
785 1637 904 1694 barbara
924 1647 954 1697 et
966 1657 1012 1695 ve·

140 1705 218 1761 rituti
236 1705 266 1757 in
282 1702 408 1774 originali
428 1705 571 1758 contraria.
592 1709 632 1759 23.

104 1775 310 1840 Latrocinium,
327 1772 521 1843 perstringitur
536 1773 619 1826 etiam
630 1773 682 1827 sub
696 1771 760 1828 VII.
773 1782 931 1845 praecepto.
954 1781 1010 1832 123.

141 1843 216 1900 Vide
236 1841 434 1895 Homicidium.

103 1912 228 1982 Lapatia
246 1912 333 1978 dicta,
354 1909 550 1979 distinguenda
568 1913 635 1962 sunt
652 1907 688 1962 ab
705 1909 880 1978 evangelicis.
901 1916 958 1966 383.

103 1984 197 2103 Leptelp
223 1979 345 2032 morulae
368 1980 519 2041 humanae,
551 1976 683 2031 differunt
711 1994 729 2031 a
751 1978 845 2032 divina
870 1980 931 2049 lege
954 1996 1011 2034 mo·

139 2068 154 2104 r
184 2049 202 2105 “.
219 2053 260 2103 56.

105 2118 295 2181 Leborinium,
314 2113 483 2169 describitur.
504 2118 560 2168 113.

104 2187 234 2249 Lectum,
264 2182 402 2254 significet
429 2184 511 2237 etiam
542 2181 757 2252 perpetuitatem
786 2181 940 2237 limitatam.
971 2190 1012 2241 55.

140 2255 242 2310 Confer
259 2252 430 2306 Aeternitas.

102 2327 179 2389 Lex,
203 2328 277 2379 certo
301 2322 383 2376 modo
407 2321 487 2375 litera
511 2319 640 2373 occidens
663 2324 712 2373 est.
737 2326 778 2375 47.
821 2320 882 2388 ejus
905 2336 1013 2376 summa

140 2397 184 2448 est
203 2390 360 2460 decalogus.
377 2395 418 2445 49.
455 2389 542 2442 oratio
560 2386 698 2441 dominice
716 2404 781 2456 pers
798 2388 941 2458 quaedam.
969 2397 1011 2444 47.

140 2462 203 2530 ejus
225 2476 336 2514 caueae.
358 2464 398 2513 48.
449 2456 585 2511 definitur.
612 2462 652 2512 49.
701 2457 817 2510 sumitur
835 2456 918 2510 varie.
942 2458 1011 2511 ibid.

140 2529 297 2585 continetur
314 2527 344 2580 in
361 2527 422 2582 Vct
442 2535 470 2581 et
488 2526 558 2581 Nor.
577 2525 651 2579 Test.
671 2530 703 2581 49
723 2542 779 2596 seq.
814 2526 950 2596 quomodo
963 2526 1011 2579 ob-

139 2604 264 2654 servetur
290 2598 319 2649 in
342 2595 491 2666 scripturis.
516 2601 556 2648 50.
599 2593 701 2662 triplae
726 2603 775 2650 est.
802 2601 843 2648 51.
887 2594 1011 2648 adventu

138 2667 243 2723 Christi
263 2663 359 2719 debuit
376 2680 489 2718 cessare.
510 2667 551 2717 53.
587 2661 701 2716 anobis
718 2679 792 2716 nunc
810 2662 840 2717 in
858 2669 933 2716 statu
951 2680 1011 2718 cor·

138 2735 277 2805 ruptionis
295 2750 352 2787 non
373 2739 465 2802 potest
488 2731 611 2801 perfecte
636 2731 739 2784 servari
761 2736 812 2784 aut
833 2730 949 2800 impleri.
969 2736 1012 2786 56.

140 2810 199 2862 149.
236 2802 352 2872 impleta
368 2809 461 2855 tamen
479 2807 522 2856 est
546 2816 564 2853 a
581 2799 699 2854 Christo.
722 2805 765 2854 151
789 2816 845 2871 seq.
882 2799 1011 2869 spiritua·

137 2874 175 2929 lis
193 2873 301 2927 dicitur.
325 2876 380 2926 159.
422 2868 558 2940 potuisset
583 2866 689 2938 impleri
714 2883 731 2921 a
757 2868 837 2922 nobis
862 2868 893 2921 in
910 2873 1011 2923 natura

137 2943 256 3012 integra.
277 2946 333 2995 149.
373 2956 424 3008 per
448 2955 478 2992 se
503 2944 600 2992 sancta
622 2941 671 2991 est.
694 2941 742 2991 152
762 2954 819 3008 seq.
860 2938 921 3016 ejus
943 2953 1010 2989 usus

142 3016 199 3068 153.
245 3025 342 3062 norma
367 3016 409 3062 est
436 3008 498 3062 bon.
525 3023 647 3076 operum.
677 3011 724 3060 189
745 3022 801 3076 seq.
855 3005 950 3059 differt
974 3005 1011 3060 ab

139 3077 371 3202 5119115114·
382 3072 775 3199 ..timiditate
790 3074 1010 3197 {retinet

139 3223 181 3272 51.
217 3185 355 3287 quomodo,
372 3214 505 3284 abrogata
523 3212 566 3267 sit.
586 3217 625 3267 53.

136 3285 284 3354 Forensis,
305 3284 445 3338 concernit
462 3281 533 3336 solos
551 3280 683 3336 Judaeos.
704 3286 745 3335 52.
783 3277 956 3335 describitur.
970 3284 1011 3334 52.

803 3373 845 3415 42*
