2250 3772
106 219 167 284 176
342 213 448 301 Caput
469 216 495 282 I.
541 215 593 279 De
613 216 778 303 decalogo.

104 386 217 456 spheme
240 383 376 449 nominat,
404 384 453 438 sed
473 388 582 438 tantum
603 401 759 454 assensum,
788 401 843 455 quo
867 383 925 455 quis
943 392 991 437 sen

106 455 195 509 credit
213 471 271 508 esse
289 451 388 520 omnia,
407 470 478 532 quae
490 453 575 508 verbo
587 452 641 508 Dei
659 454 844 520 continemur,
880 470 940 509 uam
953 464 991 507 not

104 523 189 578 fidem
204 522 377 576 nominamus
393 521 566 591 hrstoricnm,
585 539 657 592 quae
676 523 760 577 etiam
777 522 887 577 Diabo'
917 517 993 577 tribui

105 598 160 660 tur,
180 592 280 645 Jacob.
299 593 326 657 2,
348 593 389 643 19.
425 592 537 643 Errant
555 607 622 662 ergo
639 591 776 662 graviter,
804 591 872 647 dum
886 587 993 647 fidcmln

106 661 248 716 Christum
267 667 372 729 negant
389 675 448 712 esse
464 665 572 728 partem
592 660 795 729 poenitentiam,
823 660 929 719 coetu.
947 656 993 713 at

106 733 181 783 dem.
201 729 281 798 alleg.
308 745 381 796 supr.
406 728 458 780 loe.
482 744 547 781 sess.
568 735 605 784 14.
631 746 655 786 c.
675 736 699 786 4,
738 729 810 784 Cum
827 735 922 785 tamen
969 727 974 739 “

105 798 173 869 quid
195 796 253 877 sine
265 797 327 877 Jide
347 795 395 875 iit,
418 801 563 876 peccatum
581 797 625 851 sit.
660 800 720 852 Nec
738 800 837 866 obstat,
855 742 995 871 quodlffi

105 884 124 921 a
141 871 313 935 poemtentia
332 865 525 934 distinguitur,
549 867 644 921 Marc.
663 871 687 933 1,
706 871 750 920 15.
787 869 887 923 Actor.
904 870 948 935 20,
964 866 996 921 21,

106 936 179 990 Tum
197 934 271 988 enim
289 933 460 1002 poenitentia
477 951 528 1003 pro
548 935 728 1000 contritione,
752 937 829 1007 quod
852 935 996 1001 notavimus,

105 1003 249 1073 accipitur.
275 1003 365 1057 Multo
379 1002 469 1056 minus
483 1001 552 1058 fides
564 1003 764 1072 poenitentiam
774 1005 928 1075 praecedit,
941 1018 997 1059 can·

105 1089 161 1196 tt
179 1071 997 1210 sitienti⁰¹ltt¹¹lalltrttittttttllit-

105 1211 141 1265 de
159 1208 215 1263 fide
233 1208 357 1263 salvifica
374 1216 432 1263 tam
449 1225 545 1263 verum
562 1217 617 1278 est,
641 1227 725 1281 quam
744 1211 922 1282 evangelium
936 1178 997 1280 psit*

104 1280 175 1350 lege,
192 1278 331 1331 medicina
347 1279 423 1348 prior
440 1279 537 1334 morbo
556 1283 617 1346 est.)

105 1418 157 1483 26.
193 1420 309 1480 Annon
332 1428 359 1478 et
380 1417 529 1495 confessio
551 1417 750 1501 aerternae,
781 1440 850 1500 qua.
865 1417 997 1480 omniunt

104 1502 225 1586 simpulo
244 1512 375 1584 peccato
395 1501 533 1563 ecclesiae
553 1504 691 1566 ministro
714 1503 747 1564 in
769 1524 875 1564 aurem
900 1517 996 1564 encrat·

298 1596 416 1667 rantur,
439 1597 578 1669 estpars
593 1586 822 1669 poenitentiae?

189 1685 431 1834 ggfiuplslt.enim
455 1772 482 1836 1.
504 1770 600 1834 habet
619 1770 653 1833 in
669 1738 835 1871 Scriptura
855 1769 907 1835 vel
925 1786 996 1831 man·

106 1859 225 1933 datum,
247 1855 298 1920 vel
320 1855 511 1941 exemplum,
532 1855 583 1919 vel
604 1878 857 1940 prom1ss1onem.

189 1959 217 2023 2.
233 1956 500 2055 Scrupulosauilla
515 1957 667 2042 omnium,
685 1969 716 2022 et
730 1959 928 2044 singulorum
938 1972 996 2040 pet·

103 2055 247 2108 catorum
268 2053 464 2106 enumeratro
977 2062 981 2069 ·

191 2164 219 2228 1.
242 2162 367 2246 Legem
388 2160 422 2223 in
443 2161 645 2246 evangelium
669 2162 832 2226 convertit.

175 2260 387 2330 (Suspendendo
415 2260 471 2315 scil.
500 2261 688 2316 remissionem
715 2269 893 2331 peccatorum
918 2266 997 2314 non!

106 2330 167 2384 sola
181 2327 252 2387 fide.
277 2328 381 2383 Christi
405 2329 533 2383 meritum
552 2330 793 2400 apprehendente,
812 2331 863 2386 sed
880 2330 916 2385 ab
931 2336 996 2397 opem

106 2398 234 2465 humano,
251 2414 350 2467 nempe
368 2397 404 2450 ab
416 2399 566 2452 eorundem
578 2399 784 2453 enumeratione
795 2406 823 2453 et
835 2397 996 2459 confessione

107 2483 179 2537 quae
197 2483 266 2536 opus
282 2472 325 2521 est
341 2466 511 2534 humanum.)

191 2571 220 2635 2.
244 2569 411 2636 Gratuitae
439 2581 643 2655 peccatorum
670 2570 850 2635 remissioni
870 2567 999 2634 meritum

108 2656 281 2720 humanum
301 2655 482 2719 substernit.

178 2757 345 2823 (Asserendo
371 2756 515 2819 nimirum,
540 2755 616 2809 illam
642 2748 702 2810 esse
720 2755 887 2810 meritoriam
905 2755 940 2811 ad
955 2746 1000 2807 ml·

108 2844 162 2897 pae
179 2826 376 2885 remissionem,
394 2842 502 2895 poenae
521 2824 732 2879 diminutionem
749 2828 816 2891 etc.)

192 2932 221 2995 3.
245 2927 465 2995 conscientias
493 2928 526 2991 in
553 2926 783 2991 dubitationem
813 2929 1005 3014 etdespera·

106 3015 228 3079 tionem
251 3013 408 3078 adducit·

178 3114 295 3181 (Videns
313 3113 386 3169 enim
405 3112 556 3181 consessor,
579 3129 608 3166 sc
633 3130 689 3166 non
706 3129 788 3181 posse
807 3114 901 3169 omnia
918 3111 1005 3169 delicit

107 3200 172 3238 cum
190 3184 318 3238 omnibus
339 3181 551 3236 circumstantiis
577 3180 633 3234 suis
658 3187 755 3234 exacte
777 3183 922 3254 colligere,
948 3198 1005 3237 nun

106 3268 191 3323 quam
210 3251 369 3324 acquiescit,
388 3249 437 3304 sed
455 3250 571 3305 dubitat.
603 3248 750 3304 Dubitstio
764 3256 857 3307 autem
873 3250 958 3308 fidem
972 3268 1005 3307 ex⁴
