2250 3772
108 254 172 321 238
243 252 349 337 Caput
370 252 413 318 II.
456 252 509 316 De
532 251 679 336 symbolo
702 250 887 338 apostolico.

110 423 181 489 silio,
199 420 278 476 nobis
299 437 345 475 sae
367 437 382 475 e
401 420 543 490 incognito
562 419 664 490 dirigit.
701 421 750 472 Pe.
768 423 812 488 94,
825 421 848 474 8.
868 422 896 473 et
910 420 965 477 139,

111 493 222 546 Errant
241 490 328 561 igitur
345 437 512 558 inicorum,
531 488 579 560 qui
598 488 709 542 fortuna
726 494 755 543 et
772 504 840 543 cusu
855 484 983 543 omniedt

109 564 283 615 autumant.
326 557 444 613 Contra:
473 558 680 611 ineruditorum
700 564 866 611 receerunt
889 572 963 610 eoem

108 631 240 697 fos-tm,
257 627 390 681 Basilius
407 642 484 681 eone.
504 632 527 682 8.
547 625 576 679 in
592 625 667 681 Psai
684 620 737 681 321
754 631 774 680 t.
795 632 818 682 1.
844 642 871 697 p.
891 630 921 680 9³
949 638 983 679 ou

109 699 160 754 fer.
179 697 298 765 Atque.
317 696 353 751 ue
370 694 400 750 c,
419 694 454 748 D.
474 694 492 748 1.
512 702 537 749 e.
555 711 581 748 e.
604 701 642 751 18.
661 695 775 751 cotim
791 710 860 765 seu,
878 665 983 750 etium

108 784 162 891 1ξὲ
175 763 983 903 ignitiitni'ittt'ttiriitiitdtititi

108 908 219 957 tuntum
240 907 368 971 respectu
388 901 483 968 nostri,
502 907 534 954 ut
554 901 602 972 qni
622 907 738 956 eventus
757 907 868 955 tantum
884 872 983 955 fortitu

110 971 244 1043 ignoratis
263 970 335 1024 veris
353 969 454 1037 causis,
471 976 636 1039 spectamus.
672 975 696 1023 3.
716 970 854 1024 Potenter.
889 967 983 1032 Quint

109 1040 253 1094 maximus.
296 1039 381 1095 Nulla
408 1040 481 1092 enim
506 1038 535 1091 vi
558 1038 694 1120 impediri,
720 1038 799 1092 nullu
823 1037 887 1109 loge
914 1034 983 1091 vineis

109 1108 187 1162 nulla
211 1107 375 1176 impotentia
402 1107 551 1178 defatigari
577 1123 637 1177 eJus
664 1106 737 1161 notio
762 1110 863 1177 potest.
909 1104 983 1160 Ouse'

167 1194 290 1245 eounque
308 1176 376 1244 uult,
390 1184 497 1246 potest,
519 1184 545 1229 et
555 1178 641 1243 fiunt.
682 1178 880 1230 Damascenuo
896 1176 914 1231 l.
931 1181 983 1231 ts

109 1194 184 1300 gibid.
204 1244 251 1302 fid.
275 1261 335 1327 onp.
353 1251 393 1301 29.
421 1263 448 1314 p.
472 1250 528 1301 148.
565 1253 589 1300 4.
607 1245 691 1300 Bene.
733 1244 807 1310 Quis
824 1248 868 1298 est
884 1242 983 1315 optimu

108 1314 172 1369 ideo
192 1332 225 1369 ex
240 1313 367 1385 pessunis
386 1313 469 1368 etiam
489 1314 591 1368 bonum
609 1313 692 1382 elicit,
711 1321 737 1366 et
751 1313 835 1367 malie
855 1310 983 1367 deuenit

110 1387 151 1437 od
164 1385 329 1452 profertum
348 1384 483 1436 honorum
526 1384 675 1451 Anquotin.
695 1380 774 1451 epist.
794 1388 835 1437 59.
854 1383 891 1436 ad
907 1378 983 1436 Pauli

108 1458 129 1507 t.
148 1452 241 1507 2001.
261 1457 308 1506 ³01
329 1451 364 1504 A.
406 1451 479 1506 Vide
501 1452 569 1505 Gen.
591 1454 635 1514 50,
656 1453 702 1504 20.
743 1451 822 1504 Finis
846 1450 945 1522 duplex
963 1464 983 1503 et

128 1520 243 1574 rimitur.
279 1520 420 1575 Summus:
446 1519 564 1572 nominis
583 1519 669 1572 divini
688 1518 785 1589 gloria.
821 1517 983 1574 Intermsdiu

108 1539 243 1643 Bonorum
261 1588 343 1642 salus.
371 1587 424 1642 Cui
442 1585 570 1657 subjacet
585 1605 600 1642 e
618 1586 756 1642 contrario
774 1587 853 1656 alter,
871 1588 983 1660 impium

107 1658 240 1722 vindicte,
257 1673 329 1727 quae
347 1657 383 1711 ad
402 1656 519 1727 gloriam
538 1656 593 1710 Dei
612 1656 706 1724 cedit.)

153 1780 203 1842 10.
242 1777 414 1860 Quotopleo
435 1789 478 1839 est
496 1774 708 1860 providentioe
729 1778 851 1840 diuinae
872 1773 968 1839 aetio?

194 1879 343 1965 Duplex:
365 1877 554 1942 universalis
577 1887 609 1940 et
630 1874 840 1961 particularis.
884 1948 887 1953 ¹

178 1978 354 2046 (Distributio
377 1977 446 2031 haee
472 1976 625 2031 desumitur
648 1993 666 2029 a
693 1975 854 2029 diversitate
881 1974 983 2045 subjeet

106 2066 178 2117 rum,
196 2048 270 2102 onos
286 2064 358 2118 quoe
373 2046 548 2117 providentia
565 2045 660 2098 divina
678 2051 819 2114 versutum
844 2044 893 2099 illu
914 2043 983 2098 dioitt

108 2123 137 2172 et
156 2123 198 2172 eet
215 2116 366 2186 generalis,
385 2116 454 2169 haee
474 2114 622 2185 specialis.)

153 2238 201 2301 11.
249 2234 351 2312 Quum
373 2258 463 2298 uocas
485 2233 718 2318 providentiam
740 2231 967 2298 universalem?

193 2334 268 2415 Qua
290 2334 380 2398 Deus
409 2348 568 2399 creaturas
597 2356 707 2397 omnes
730 2335 906 2399 secundum
924 2342 983 2397 natu

106 2420 206 2485 ralem
227 2419 411 2483 instinctum
434 2420 560 2505 dirigit,
588 2420 732 2502 adeoque
759 2419 857 2484 totius
885 2430 983 2483 nature

107 2506 252 2570 ordinem
274 2528 294 2568 a
315 2528 349 2569 se
371 2505 549 2568 institutum
570 2504 728 2568 ordinarie
750 2516 924 2570 conservat.

175 2606 291 2674 (Actor,
311 2609 352 2671 17,
372 2609 426 2658 28.·
451 2607 485 2659 In
508 2606 568 2675 ipso
584 2605 701 2658 vivimus
720 2611 764 2659 ete
809 2605 918 2661 Confer.
934 2604 983 2657 Pu

105 2679 167 2729 104.
183 2691 234 2745 per
249 2681 297 2729 tot.
320 2676 407 2728 Hobr.
429 2679 450 2743 l,
469 2677 503 2740 3,·
523 2676 627 2727 Marcu.
647 2678 672 2738 6,
691 2678 735 2741 46,
755 2674 822 2728 sinit
840 2675 925 2728 solem
939 2670 983 2726 on'r

106 2748 131 2797 1.
153 2744 216 2801 Cor.
238 2747 287 2811 15,
305 2746 355 2807 38,
383 2743 432 2797 det
453 2742 602 2867 unicuissue
621 2758 708 2813 grano
732 2758 833 2812 eorpus
856 2749 908 2799 eto.
949 2738 983 2793 Ne

106 2815 196 2866 obstat
224 2818 246 2866 1.
273 2817 297 2866 1.
322 2811 386 2865 Cor.
415 2816 440 2877 9,
470 2815 496 2868 9.
567 2829 615 2864 um
642 2816 670 2865 et
687 2810 749 2865 Deo
776 2813 811 2866 de
834 2811 922 2867 bobus
944 2820 983 2863 rur

106 2882 168 2936 est?
202 2880 343 2934 Dicuntur
368 2881 441 2935 enim
463 2880 531 2934 haee
554 2897 610 2934 non
637 2879 776 2948 absolute,
807 2881 868 2934 ise
893 2879 983 2934 enine

103 2950 229 3004 homines
248 2956 277 3004 et
292 2951 421 3019 jumenta
441 2955 542 3017 servat,
559 2949 638 3003 Prot.
656 2952 707 3016 36,
729 2952 756 3014 7,
782 2898 983 3019 sei-compunt

105 3019 181 3090 quod
208 3036 263 3074 non
293 3035 389 3088 parem
419 3017 522 3071 habeut
547 3018 625 3071 Deus
645 3034 723 3088 ,erga
751 3018 882 3086 jumenta
910 3021 936 3071 st
958 3011 983 3065 ht

104 3088 193 3142 mines
227 3104 329 3142 euram.
380 3086 471 3156 Major
502 3086 574 3140 enim
607 3102 675 3140 eura
712 3092 754 3139 est
782 3103 850 3157 ergo
884 3082 983 3139 homno

105 3156 188 3210 Licet
212 3156 286 3210 enim
306 3155 405 3209 diuino
429 3155 609 3222 providentio
636 3155 806 3222 neutraliter
832 3172 862 3207 ee
886 3146 983 3223 urende

105 3227 267 3293 adomnia,
284 3232 526 3293 quantuncumque
543 3224 671 3292 minima,
697 3231 789 3276 tamen
815 3212 983 3277 intellectuat·

104 3301 210 3347 natiue
225 3293 347 3361 operioli
360 3293 444 3345 modo
463 3293 575 3345 dirime
593 3293 790 3361 prouidentiae
807 3280 983 3361 mbjiutuui
