2250 3772
431 247 483 312 De
506 247 637 333 angelis.
927 251 990 316 227

93 427 173 495 runt,
192 417 236 482 ita
252 419 322 503 jam
342 417 518 482 confirmati
541 418 574 481 in
595 416 692 491 bono,
710 425 747 478 ut
768 417 904 502 amplius
925 419 991 485 labi

95 520 155 565 non
170 503 299 589 possint.

158 601 321 673 (Descriptio
346 606 390 657 est
414 601 450 656 ab
477 602 611 672 adjuncta
635 601 784 682 qualitate,
811 602 991 686 ejusdemque

98 667 230 749 miscente
247 676 364 739 eventu,
386 669 675 752 confirmationescrl.
695 670 724 723 in
743 669 824 751 b.⁰²l⁰·
861 672 991 744 Amphus

100 750 295 864 detti?
306 738 993 877 1111111121]1121111111

102 876 125 925 2.
143 879 258 931 fruuntur
277 877 446 948 sempiterna
463 875 644 946 beatitudine,
662 877 765 930 Metti.
784 880 826 941 18,
844 882 888 934 10.
919 879 994 944 Quia

104 944 197 1000 &tales
213 952 290 1012 sunt,
328 946 406 999 uales
424 963 475 1001 nos
491 945 578 1000 futuri
596 963 698 999 sumus.
732 948 772 999 At
788 945 858 1000 nulli
875 965 925 1002 nos
944 949 992 1003 ob·

103 1011 164 1065 noxii
177 1030 209 1068 ne
228 1030 301 1069 uec
331 1031 392 1085 pae,
411 1030 503 1085 neque
519 1021 634 1084 peccato
654 1015 762 1067 erimus.
794 1013 870 1087 Ergo
890 1017 990 1088 stipsi
1096 1022 1099 1027 '

105 1077 167 1149 tales,
215 1084 282 1138 aut.
302 1087 349 1146 22,
371 1085 436 1151 30.)

107 1195 336 1266 dilaceremus
351 1203 530 1288 capelorum
544 1201 653 1264 torum
665 1203 814 1264 bonorum
828 1204 994 1269 numeras?

174 1304 242 1368 Non
265 1317 317 1368 est.
346 1301 412 1368 Sed
432 1302 673 1366 innumerabilis
688 1303 862 1367 eorundem
884 1317 992 1370 coetus

110 1379 213 1464 dicitur,
240 1389 338 1454 Hebr.
364 1391 420 1464 12,
448 1389 500 1465 22,
529 1387 630 1450 millia
657 1387 793 1452 millium
822 1400 853 1452 et
887 1390 992 1454 decies

112 1472 352 1550 centena-millia,
378 1475 465 1538 Dan.
490 1474 519 1549 7,
544 1473 593 1548 10,
623 1484 726 1536 castra
747 1473 887 1559 integra,
918 1475 992 1542 Gen.

111 1548 150 1647 22,
164 1555 190 1634 2,
216 1558 372 1622 exereitus
393 1558 533 1642 integer,
562 1558 592 1621 2.
611 1560 688 1642 Rep.
711 1557 748 1634 6,
772 1559 822 1634 17,
849 1558 992 1645 legiones

111 1646 240 1724 uirgae,
261 1644 375 1707 Mart.
398 1643 450 1720 26,
473 1643 524 1716 53,
977 1674 981 1679 ’

162 1758 221 1818 (Ubi
236 1768 305 1814 nota
328 1766 349 1815 1.
369 1759 425 1813 dici
444 1758 553 1813 coetum
572 1756 734 1827 angelorum
755 1758 993 1830 innumerabilem,

112 1834 153 1901 11031
166 1824 231 1896 Deo,
259 1829 309 1883 sed
334 1827 499 1881 hominibus.
539 1831 563 1880 2.
589 1825 658 1879 Esse
681 1830 723 1879 tot
750 1843 865 1881 numero
892 1847 910 1882 a
933 1831 1019 1885 Deo*

112 1900 205 1955 pnmum
219 1897 359 1964 conditos,
377 1914 433 1951 non
450 1895 640 1966 procreatione
658 1893 775 1947 aliorum
794 1912 826 1949 ex
844 1896 905 1951 aliis
924 1900 993 1952 mul-

112 1954 243 2035 llllitttos.)

131 2065 154 2132 5·
180 2077 265 2138 Arne
286 2077 381 2159 igitur
403 2077 435 2137 in
458 2086 542 2137 tanto
565 2074 620 2135 hoe
644 2072 822 2154 appeterem
842 2098 969 2139 numero
1029 2138 1032 2143 ,

283 2161 360 2223 certi
379 2170 449 2222 aunt
471 2160 592 2222 ordines
612 2168 640 2218 et
658 2155 797 2241 produn?

144 2333 150 2349 ι
176 2256 310 2324 Ordines
333 2259 463 2343 quidem
481 2258 564 2322 inter
584 2255 716 2341 angelos
734 2279 803 2321 esse
818 2257 993 2336 credimus3
1031 2324 1033 2328 .

112 2348 216 2412 limam
234 2368 311 2409 vero
333 2344 386 2408 isti
411 2344 489 2420 sint,
519 2354 551 2407 et
575 2341 654 2426 quid
674 2342 758 2405 inter
779 2364 813 2406 se
835 2343 993 2422 differant,

112 2433 167 2486 tum
188 2429 371 2516 Augustino
398 2429 450 2515 pie
472 2450 531 2492 nos
557 2427 706 2512 ignorare
728 2428 871 2492 dicimus.
918 2431 994 2495 Vide

111 2498 213 2578 Butler.
242 2519 285 2579 ad
313 2515 466 2579 Laurent.
497 2537 520 2575 c.
547 2512 598 2577 58.
628 2525 647 2575 t.
670 2514 699 2576 3.
729 2513 782 2575 eol.
807 2514 877 2579 172.
901 2514 935 2576 C.
968 2527 996 2578 et

112 2589 298 2664 θ0217214.
329 2612 356 2662 et
386 2602 419 2661 in
445 2600 494 2662 tit.
525 2610 620 2661 contr.
650 2597 786 2660 Prtsottt.
817 2611 844 2661 et
873 2598 994 2683 Origen.

111 2674 179 2747 ⁰·ll.
200 2697 218 2749 t.
235 2685 264 2749 6.
286 2683 428 2748 102562.
464 2682 502 2745 In
524 2680 573 2744 his
596 2680 681 2744 enim
702 2682 804 2766 magis
828 2683 995 2746 temeraria

110 2769 288 2909 lriewmtm'
310 2790 407 2851 quam
428 2779 521 2831 cauta
539 2765 698 2852 culpanda
719 2766 888 2851 ignoratio,
909 2767 996 2832 idem

135 2864 213 2919 lem.

161 2950 281 3015 (Errant
296 2951 383 3021 igitur
404 2952 555 3019 pontificii,
581 2951 629 3022 qui
645 2949 814 3006 hierarchias
833 2948 995 3020 angelorum

111 3009 273 3085 &noiatim
293 3035 394 3074 novem
412 3020 562 3074 eorundem
580 3021 685 3092 gradus
703 3021 761 3075 sive
775 3018 871 3072 choros
883 3025 995 3087 praeter

111 3084 195 3142 ⁰mtrem
214 3089 373 3170 Scripturae
392 3088 568 3143 autoritatem
585 3089 751 3159 excogitant
786 3086 860 3141 Vide
873 3088 992 3156 Dionys.

110 3142 191 3223 Areap,
207 3159 236 3211 in
252 3157 320 3211 luer.
340 3157 449 3212 coelest.
468 3173 493 3213 c.
511 3162 536 3212 6.
573 3159 726 3228 Lombard.
750 3157 768 3210 l.
788 3161 812 3210 2.
836 3155 899 3211 dist.
921 3163 944 3211 9.
989 3197 995 3212 .

113 3212 157 3273 ¹⁵²·
173 3226 204 3281 Α.
240 3228 302 3280 Nee
321 3227 425 3306 obstat,
452 3225 526 3295 quod
547 3226 677 3279 dicuntur
695 3226 809 3296 quidam
827 3173 995 3296 archangel,

111 3283 201 3377 tritam
218 3295 318 3362 throni,
336 3299 522 3364 principatus,
542 3294 757 3364 dominationes,
774 3297 926 3364 potestates
943 3300 996 3361 etc,
1009 3320 1072 3548 ί

783 3377 827 3420 11·
