<?xml version="1.0" encoding="UTF-8"?>
<!DOCTYPE html PUBLIC "-//W3C//DTD XHTML 1.0 Transitional//EN"
    "http://www.w3.org/TR/xhtml1/DTD/xhtml1-transitional.dtd">
<html xmlns="http://www.w3.org/1999/xhtml" xml:lang="en" lang="en">
 <head>
  <title>
</title>
<meta http-equiv="Content-Type" content="text/html;charset=utf-8" />
  <meta name='ocr-system' content='tesseract 3.04.00' />
  <meta name='ocr-capabilities' content='ocr_page ocr_carea ocr_par ocr_line ocrx_word'/>
</head>
<body>
  <div class='ocr_page' id='page_1' title='image "./dconradidieteri00dietgoog_0343.png"; bbox 0 0 2250 3772; ppageno 0'>
   <div class='ocr_carea' id='block_1_1' title="bbox 102 266 880 356">
    <p class='ocr_par' dir='ltr' id='par_1_1' title="bbox 102 266 880 356">
     <span class='ocr_line' id='line_1_1' title="bbox 102 266 880 356; baseline 0.001 -22"><span class='ocrx_word' id='word_1_1' title='bbox 102 269 168 335; x_wconf 81' lang='lat'>310</span> <span class='ocrx_word' id='word_1_2' title='bbox 232 266 338 355; x_wconf 81' lang='lat' dir='ltr'>Caput</span> <span class='ocrx_word' id='word_1_3' title='bbox 358 268 402 335; x_wconf 91' lang='lat' dir='ltr'>II.</span> <span class='ocrx_word' id='word_1_4' title='bbox 445 269 497 334; x_wconf 87' lang='lat' dir='ltr'>Dc</span> <span class='ocrx_word' id='word_1_5' title='bbox 520 269 667 356; x_wconf 81' lang='lat' dir='ltr'>symbolo</span> <span class='ocrx_word' id='word_1_6' title='bbox 692 268 880 355; x_wconf 84' lang='lat' dir='ltr'>apostolico.</span> 
     </span>
    </p>
   </div>
   <div class='ocr_carea' id='block_1_2' title="bbox 103 433 984 834">
    <p class='ocr_par' dir='ltr' id='par_1_2' title="bbox 103 433 984 834">
     <span class='ocr_line' id='line_1_2' title="bbox 103 433 984 557; baseline -0.001 -67"><span class='ocrx_word' id='word_1_7' title='bbox 103 436 159 492; x_wconf 88' lang='lat' dir='ltr'>lem</span> <span class='ocrx_word' id='word_1_8' title='bbox 176 435 280 491; x_wconf 77' lang='lat' dir='ltr'>Christi</span> <span class='ocrx_word' id='word_1_9' title='bbox 298 436 353 491; x_wconf 89' lang='lat' dir='ltr'>Dei</span> <span class='ocrx_word' id='word_1_10' title='bbox 371 441 399 492; x_wconf 89' lang='lat' dir='ltr'>st</span> <span class='ocrx_word' id='word_1_11' title='bbox 416 435 534 490; x_wconf 89' lang='lat' dir='ltr'>hominis</span> <span class='ocrx_word' id='word_1_12' title='bbox 552 436 740 507; x_wconf 78' lang='lat' dir='ltr'><strong>praesentiam</strong></span> <span class='ocrx_word' id='word_1_13' title='bbox 757 437 788 490; x_wconf 90' lang='lat' dir='ltr'>in</span> <span class='ocrx_word' id='word_1_14' title='bbox 805 433 885 490; x_wconf 84' lang='lat' dir='ltr'>terris</span> <span class='ocrx_word' id='word_1_15' title='bbox 900 442 984 557; x_wconf 52' lang='lat' dir='ltr'>uffa]</span> 
     </span>
     <span class='ocr_line' id='line_1_3' title="bbox 104 505 984 576; baseline -0.006 -16"><span class='ocrx_word' id='word_1_16' title='bbox 104 508 182 560; x_wconf 76' lang='lat' dir='ltr'>Besa</span> <span class='ocrx_word' id='word_1_17' title='bbox 208 523 329 576; x_wconf 75' lang='lat' dir='ltr'>respons.</span> <span class='ocrx_word' id='word_1_18' title='bbox 354 506 391 559; x_wconf 91' lang='lat' dir='ltr'>ad</span> <span class='ocrx_word' id='word_1_19' title='bbox 415 505 497 560; x_wconf 88' lang='lat' dir='ltr'>Hold.</span> <span class='ocrx_word' id='word_1_20' title='bbox 522 506 622 561; x_wconf 81' lang='lat' dir='ltr'>convit</span> <span class='ocrx_word' id='word_1_21' title='bbox 646 505 701 560; x_wconf 84' lang='lat' dir='ltr'>vol.</span> <span class='ocrx_word' id='word_1_22' title='bbox 727 511 752 564; x_wconf 89' lang='grc'>3.</span> <span class='ocrx_word' id='word_1_23' title='bbox 775 523 803 576; x_wconf 86' lang='lat' dir='ltr'>p.</span> <span class='ocrx_word' id='word_1_24' title='bbox 822 510 880 560; x_wconf 75' lang='lat'>11⁴.</span> <span class='ocrx_word' id='word_1_25' title='bbox 938 514 984 557; x_wconf 74' lang='lat' dir='ltr'>rm</span> 
     </span>
     <span class='ocr_line' id='line_1_4' title="bbox 103 573 984 655; baseline -0.006 -26"><span class='ocrx_word' id='word_1_26' title='bbox 103 591 172 646; x_wconf 80' lang='lat' dir='ltr'>pag.</span> <span class='ocrx_word' id='word_1_27' title='bbox 190 579 238 630; x_wconf 81' lang='lat' dir='ltr'>33l</span> <span class='ocrx_word' id='word_1_28' title='bbox 258 591 314 645; x_wconf 86' lang='lat' dir='ltr'>seq.</span> <span class='ocrx_word' id='word_1_29' title='bbox 351 573 502 655; x_wconf 89' lang='lat' dir='ltr'>Opponunt</span> <span class='ocrx_word' id='word_1_30' title='bbox 522 591 645 645; x_wconf 87' lang='lat' dir='ltr'>namque</span> <span class='ocrx_word' id='word_1_31' title='bbox 660 591 702 643; x_wconf 84' lang='lat' dir='ltr'>ea,</span> <span class='ocrx_word' id='word_1_32' title='bbox 723 590 796 655; x_wconf 66' lang='lat' dir='ltr'>¹(lirae</span> <span class='ocrx_word' id='word_1_33' title='bbox 810 590 866 628; x_wconf 90' lang='lat' dir='ltr'>non</span> <span class='ocrx_word' id='word_1_34' title='bbox 875 576 941 655; x_wconf 41' lang='lat' dir='ltr'>&#39;sunt</span> <span class='ocrx_word' id='word_1_35' title='bbox 957 582 984 641; x_wconf 76' lang='grc' dir='ltr'>οι</span> 
     </span>
     <span class='ocr_line' id='line_1_5' title="bbox 105 642 984 725; baseline -0.002 -28"><span class='ocrx_word' id='word_1_36' title='bbox 105 644 204 723; x_wconf 76' lang='lat' dir='ltr'>posita,</span> <span class='ocrx_word' id='word_1_37' title='bbox 223 643 273 696; x_wconf 85' lang='lat' dir='ltr'>sed</span> <span class='ocrx_word' id='word_1_38' title='bbox 294 642 481 722; x_wconf 83' lang='lat' dir='ltr'>subordmsta.</span> <span class='ocrx_word' id='word_1_39' title='bbox 526 649 549 698; x_wconf 84' lang='lat'>2.</span> <span class='ocrx_word' id='word_1_40' title='bbox 570 643 650 725; x_wconf 81' lang='lat' dir='ltr'>Quod</span> <span class='ocrx_word' id='word_1_41' title='bbox 667 651 760 696; x_wconf 80' lang='lat' dir='ltr'>vemet</span> <span class='ocrx_word' id='word_1_42' title='bbox 779 660 810 723; x_wconf 81' lang='lat' dir='ltr'>m</span> <span class='ocrx_word' id='word_1_43' title='bbox 825 647 984 723; x_wconf 70' lang='lat' dir='ltr'>majestates</span> 
     </span>
     <span class='ocr_line' id='line_1_6' title="bbox 105 711 984 834; baseline -0.001 -69"><span class='ocrx_word' id='word_1_44' title='bbox 105 712 210 834; x_wconf 45' lang='lat' dir='ltr'>plone,</span> <span class='ocrx_word' id='word_1_45' title='bbox 231 728 287 782; x_wconf 89' lang='lat' dir='ltr'>qua</span> <span class='ocrx_word' id='word_1_46' title='bbox 304 711 490 782; x_wconf 76' lang='lat' dir='ltr'>amplificatur</span> <span class='ocrx_word' id='word_1_47' title='bbox 515 717 535 766; x_wconf 93' lang='lat'>1.</span> <span class='ocrx_word' id='word_1_48' title='bbox 554 713 689 781; x_wconf 72' lang='lat' dir='ltr'>adjuncta</span> <span class='ocrx_word' id='word_1_49' title='bbox 709 711 914 782; x_wconf 84' lang='lat' dir='ltr'>magmtudms,</span> <span class='ocrx_word' id='word_1_50' title='bbox 936 724 984 778; x_wconf 81' lang='lat' dir='ltr'>quc</span> 
     </span>
    </p>
   </div>
   <div class='ocr_carea' id='block_1_3' title="bbox 22 776 985 2771">
    <p class='ocr_par' dir='ltr' id='par_1_3' title="bbox 22 776 985 2771">
     <span class='ocr_line' id='line_1_7' title="bbox 127 776 984 851; baseline -0.002 -17"><span class='ocrx_word' id='word_1_51' title='bbox 127 780 209 834; x_wconf 89' lang='lat' dir='ltr'>icitur</span> <span class='ocrx_word' id='word_1_52' title='bbox 226 797 341 833; x_wconf 87' lang='lat' dir='ltr'>summa</span> <span class='ocrx_word' id='word_1_53' title='bbox 381 787 405 835; x_wconf 82' lang='lat'>2.</span> <span class='ocrx_word' id='word_1_54' title='bbox 423 780 451 833; x_wconf 88' lang='lat' dir='ltr'><strong>A</strong></span> <span class='ocrx_word' id='word_1_55' title='bbox 470 781 571 848; x_wconf 90' lang='lat' dir='ltr'>relato,</span> <span class='ocrx_word' id='word_1_56' title='bbox 595 781 670 850; x_wconf 91' lang='lat' dir='ltr'>quod</span> <span class='ocrx_word' id='word_1_57' title='bbox 689 780 793 833; x_wconf 87' lang='lat' dir='ltr'>dicitur</span> <span class='ocrx_word' id='word_1_58' title='bbox 809 779 901 851; x_wconf 85' lang='lat' dir='ltr'>gloria</span> <span class='ocrx_word' id='word_1_59' title='bbox 915 776 984 851; x_wconf 76' lang='lat' dir='ltr'>Patri</span> 
     </span>
     <span class='ocr_line' id='line_1_8' title="bbox 106 846 984 930; baseline -0.005 -27"><span class='ocrx_word' id='word_1_60' title='bbox 106 848 211 903; x_wconf 70' lang='lat' dir='ltr'>Martii.</span> <span class='ocrx_word' id='word_1_61' title='bbox 225 851 268 911; x_wconf 78' lang='grc'>16,</span> <span class='ocrx_word' id='word_1_62' title='bbox 280 852 324 916; x_wconf 87' lang='grc'>27,</span> <span class='ocrx_word' id='word_1_63' title='bbox 343 855 371 902; x_wconf 89' lang='lat' dir='ltr'>et</span> <span class='ocrx_word' id='word_1_64' title='bbox 387 849 426 902; x_wconf 88' lang='lat' dir='ltr'>sio</span> <span class='ocrx_word' id='word_1_65' title='bbox 447 866 511 903; x_wconf 89' lang='lat' dir='ltr'>vere</span> <span class='ocrx_word' id='word_1_66' title='bbox 523 849 626 918; x_wconf 83' lang='lat' dir='ltr'>divina,</span> <span class='ocrx_word' id='word_1_67' title='bbox 644 849 695 903; x_wconf 91' lang='lat' dir='ltr'>soli</span> <span class='ocrx_word' id='word_1_68' title='bbox 707 847 767 903; x_wconf 90' lang='lat' dir='ltr'>Deo</span> <span class='ocrx_word' id='word_1_69' title='bbox 780 848 900 930; x_wconf 80' lang='lat' dir='ltr'>propria</span> <span class='ocrx_word' id='word_1_70' title='bbox 922 846 984 902; x_wconf 70' lang='lat' dir='ltr'>Mt</span> 
     </span>
     <span class='ocr_line' id='line_1_9' title="bbox 101 914 984 989; baseline 0.002 -19"><span class='ocrx_word' id='word_1_71' title='bbox 101 917 209 987; x_wconf 88' lang='lat' dir='ltr'>junctis</span> <span class='ocrx_word' id='word_1_72' title='bbox 238 917 495 980; x_wconf 77' lang='lat' dir='ltr'>circumstantibus,</span> <span class='ocrx_word' id='word_1_73' title='bbox 523 935 622 988; x_wconf 82' lang='lat' dir='ltr'><strong>nempe</strong></span> <span class='ocrx_word' id='word_1_74' title='bbox 654 935 717 972; x_wconf 85' lang='lat' dir='ltr'>cum</span> <span class='ocrx_word' id='word_1_75' title='bbox 744 917 853 988; x_wconf 80' lang='lat' dir='ltr'>angelis</span> <span class='ocrx_word' id='word_1_76' title='bbox 966 914 984 989; x_wconf 32' lang='grc'>’1</span> 
     </span>
     <span class='ocr_line' id='line_1_10' title="bbox 107 983 984 1057; baseline -0.002 -18"><span class='ocrx_word' id='word_1_77' title='bbox 107 1002 181 1050; x_wconf 88' lang='lat' dir='ltr'>suae,</span> <span class='ocrx_word' id='word_1_78' title='bbox 200 989 227 1042; x_wconf 87' lang='lat'>2.</span> <span class='ocrx_word' id='word_1_79' title='bbox 249 987 373 1039; x_wconf 71' lang='lat' dir='ltr'>Thenai.</span> <span class='ocrx_word' id='word_1_80' title='bbox 391 989 417 1052; x_wconf 89' lang='lat'>1,</span> <span class='ocrx_word' id='word_1_81' title='bbox 435 990 459 1052; x_wconf 83' lang='lat'>8,</span> <span class='ocrx_word' id='word_1_82' title='bbox 480 986 527 1057; x_wconf 92' lang='lat' dir='ltr'>qui</span> <span class='ocrx_word' id='word_1_83' title='bbox 545 1004 595 1041; x_wconf 99' lang='lat' dir='ltr'>suo</span> <span class='ocrx_word' id='word_1_84' title='bbox 615 987 749 1040; x_wconf 84' lang='lat' dir='ltr'>comitatu</span> <span class='ocrx_word' id='word_1_85' title='bbox 773 993 802 1040; x_wconf 89' lang='lat' dir='ltr'>et</span> <span class='ocrx_word' id='word_1_86' title='bbox 819 992 880 1039; x_wconf 86' lang='lat' dir='ltr'>sate</span> <span class='ocrx_word' id='word_1_87' title='bbox 901 983 945 1039; x_wconf 81' lang='lat' dir='ltr'>itio</span> <span class='ocrx_word' id='word_1_88' title='bbox 960 996 984 1037; x_wconf 76' lang='lat' dir='ltr'>tt</span> 
     </span>
     <span class='ocr_line' id='line_1_11' title="bbox 105 1053 984 1135; baseline -0.001 -28"><span class='ocrx_word' id='word_1_89' title='bbox 105 1059 220 1108; x_wconf 88' lang='lat' dir='ltr'>ventum</span> <span class='ocrx_word' id='word_1_90' title='bbox 236 1053 310 1107; x_wconf 90' lang='lat' dir='ltr'>huno</span> <span class='ocrx_word' id='word_1_91' title='bbox 335 1055 524 1135; x_wconf 79' lang='lat' dir='ltr'>gloriosiorem</span> <span class='ocrx_word' id='word_1_92' title='bbox 549 1055 675 1111; x_wconf 90' lang='lat' dir='ltr'>reddent.</span> <span class='ocrx_word' id='word_1_93' title='bbox 711 1053 984 1110; x_wconf 66' lang='lat' dir='ltr'>lustusamans</span> 
     </span>
     <span class='ocr_line' id='line_1_12' title="bbox 107 1121 984 1194; baseline -0.002 -18"><span class='ocrx_word' id='word_1_94' title='bbox 107 1121 191 1192; x_wconf 90' lang='lat' dir='ltr'>hujus</span> <span class='ocrx_word' id='word_1_95' title='bbox 209 1122 402 1178; x_wconf 78' lang='lat' dir='ltr'>distributione</span> <span class='ocrx_word' id='word_1_96' title='bbox 421 1122 611 1193; x_wconf 86' lang='lat' dir='ltr'>subjectorum</span> <span class='ocrx_word' id='word_1_97' title='bbox 631 1123 794 1194; x_wconf 86' lang='lat' dir='ltr'>explicatur,</span> <span class='ocrx_word' id='word_1_98' title='bbox 814 1130 847 1176; x_wconf 89' lang='lat' dir='ltr'>ut</span> <span class='ocrx_word' id='word_1_99' title='bbox 859 1122 984 1192; x_wconf 82' lang='lat' dir='ltr'>judiootr</span> 
     </span>
     <span class='ocr_line' id='line_1_13' title="bbox 106 1189 984 1257; baseline -0.002 -14"><span class='ocrx_word' id='word_1_100' title='bbox 106 1207 157 1245; x_wconf 88' lang='lat' dir='ltr'>vos</span> <span class='ocrx_word' id='word_1_101' title='bbox 176 1196 205 1245; x_wconf 88' lang='lat' dir='ltr'>et</span> <span class='ocrx_word' id='word_1_102' title='bbox 223 1199 352 1257; x_wconf 89' lang='lat' dir='ltr'>mortuos,</span> <span class='ocrx_word' id='word_1_103' title='bbox 371 1191 424 1246; x_wconf 90' lang='lat' dir='ltr'>hoo</span> <span class='ocrx_word' id='word_1_104' title='bbox 445 1199 495 1248; x_wconf 83' lang='lat' dir='ltr'>est.</span> <span class='ocrx_word' id='word_1_105' title='bbox 515 1210 609 1248; x_wconf 89' lang='lat' dir='ltr'>omnes</span> <span class='ocrx_word' id='word_1_106' title='bbox 627 1192 738 1248; x_wconf 90' lang='lat' dir='ltr'>omnino</span> <span class='ocrx_word' id='word_1_107' title='bbox 757 1190 891 1256; x_wconf 85' lang='lat' dir='ltr'>homines,</span> <span class='ocrx_word' id='word_1_108' title='bbox 925 1189 951 1243; x_wconf 88' lang='lat' dir='ltr'>ui</span> <span class='ocrx_word' id='word_1_109' title='bbox 963 1202 984 1241; x_wconf 85' lang='lat' dir='ltr'>n</span> 
     </span>
     <span class='ocr_line' id='line_1_14' title="bbox 106 1257 984 1333; baseline -0.003 -19"><span class='ocrx_word' id='word_1_110' title='bbox 106 1259 164 1314; x_wconf 84' lang='lat' dir='ltr'>viri</span> <span class='ocrx_word' id='word_1_111' title='bbox 187 1260 232 1314; x_wconf 88' lang='lat' dir='ltr'>vel</span> <span class='ocrx_word' id='word_1_112' title='bbox 258 1261 360 1315; x_wconf 89' lang='lat' dir='ltr'>mortui</span> <span class='ocrx_word' id='word_1_113' title='bbox 378 1261 508 1315; x_wconf 88' lang='lat' dir='ltr'>dicuntur</span> <span class='ocrx_word' id='word_1_114' title='bbox 534 1269 663 1333; x_wconf 89' lang='lat' dir='ltr'>respectu</span> <span class='ocrx_word' id='word_1_115' title='bbox 689 1266 793 1328; x_wconf 88' lang='lat' dir='ltr'>status,</span> <span class='ocrx_word' id='word_1_116' title='bbox 818 1260 869 1332; x_wconf 87' lang='lat' dir='ltr'>qui</span> <span class='ocrx_word' id='word_1_117' title='bbox 888 1261 915 1313; x_wconf 88' lang='lat' dir='ltr'>&#39;u</span> <span class='ocrx_word' id='word_1_118' title='bbox 933 1257 984 1312; x_wconf 83' lang='lat' dir='ltr'>&#39;eiu</span> 
     </span>
     <span class='ocr_line' id='line_1_15' title="bbox 105 1325 984 1409; baseline -0.002 -28"><span class='ocrx_word' id='word_1_119' title='bbox 105 1328 257 1399; x_wconf 86' lang='lat' dir='ltr'>praecedit</span> <span class='ocrx_word' id='word_1_120' title='bbox 296 1330 360 1383; x_wconf 78' lang='lat' dir='ltr'>Vini</span> <span class='ocrx_word' id='word_1_121' title='bbox 382 1329 587 1401; x_wconf 83' lang='lat' dir='ltr'>intelliguntur,</span> <span class='ocrx_word' id='word_1_122' title='bbox 607 1347 676 1400; x_wconf 91' lang='lat' dir='ltr'>quos</span> <span class='ocrx_word' id='word_1_123' title='bbox 696 1339 819 1384; x_wconf 84' lang='lat' dir='ltr'>extrema</span> <span class='ocrx_word' id='word_1_124' title='bbox 833 1329 849 1409; x_wconf 80' lang='lat' dir='ltr'><strong>j</strong></span> <span class='ocrx_word' id='word_1_125' title='bbox 889 1327 934 1382; x_wconf 90' lang='lat' dir='ltr'>icii</span> <span class='ocrx_word' id='word_1_126' title='bbox 953 1325 984 1379; x_wconf 80' lang='lat' dir='ltr'>dis</span> 
     </span>
     <span class='ocr_line' id='line_1_16' title="bbox 110 1394 984 1468; baseline 0.001 -20"><span class='ocrx_word' id='word_1_127' title='bbox 110 1397 188 1452; x_wconf 88' lang='lat' dir='ltr'>vivos</span> <span class='ocrx_word' id='word_1_128' title='bbox 207 1396 409 1466; x_wconf 87' lang='lat' dir='ltr'>deprehendet,</span> <span class='ocrx_word' id='word_1_129' title='bbox 429 1399 524 1468; x_wconf 90' lang='lat' dir='ltr'>quiin</span> <span class='ocrx_word' id='word_1_130' title='bbox 541 1405 679 1454; x_wconf 86' lang='lat' dir='ltr'>momento</span> <span class='ocrx_word' id='word_1_131' title='bbox 696 1415 713 1452; x_wconf 93' lang='lat' dir='ltr'>a</span> <span class='ocrx_word' id='word_1_132' title='bbox 731 1399 842 1452; x_wconf 89' lang='lat' dir='ltr'>mortah</span> <span class='ocrx_word' id='word_1_133' title='bbox 861 1394 984 1452; x_wconf 87' lang='lat' dir='ltr'>condition</span> 
     </span>
     <span class='ocr_line' id='line_1_17' title="bbox 107 1464 984 1536; baseline -0.002 -16"><span class='ocrx_word' id='word_1_134' title='bbox 107 1466 144 1520; x_wconf 82' lang='lat' dir='ltr'>sd</span> <span class='ocrx_word' id='word_1_135' title='bbox 162 1465 344 1520; x_wconf 78' lang='lat' dir='ltr'>immortalem</span> <span class='ocrx_word' id='word_1_136' title='bbox 364 1467 592 1536; x_wconf 87' lang='lat' dir='ltr'>immutabuntur,</span> <span class='ocrx_word' id='word_1_137' title='bbox 611 1474 635 1521; x_wconf 92' lang='grc'>1.</span> <span class='ocrx_word' id='word_1_138' title='bbox 649 1467 712 1522; x_wconf 83' lang='lat' dir='ltr'>Cor.</span> <span class='ocrx_word' id='word_1_139' title='bbox 735 1472 778 1535; x_wconf 75' lang='lat'>15,</span> <span class='ocrx_word' id='word_1_140' title='bbox 797 1470 841 1521; x_wconf 76' lang='lat' dir='ltr'>st.</span> <span class='ocrx_word' id='word_1_141' title='bbox 875 1464 929 1521; x_wconf 88' lang='lat' dir='ltr'>Per</span> <span class='ocrx_word' id='word_1_142' title='bbox 941 1480 984 1517; x_wconf 73' lang='lat' dir='ltr'>not</span> 
     </span>
     <span class='ocr_line' id='line_1_18' title="bbox 107 1532 984 1607; baseline -0.001 -20"><span class='ocrx_word' id='word_1_143' title='bbox 107 1542 171 1587; x_wconf 75' lang='lat' dir='ltr'>taos</span> <span class='ocrx_word' id='word_1_144' title='bbox 188 1534 383 1606; x_wconf 77' lang='lat' dir='ltr'>intelligrmtur</span> <span class='ocrx_word' id='word_1_145' title='bbox 394 1535 448 1599; x_wconf 91' lang='lat' dir='ltr'>isti,</span> <span class='ocrx_word' id='word_1_146' title='bbox 466 1537 514 1607; x_wconf 89' lang='lat' dir='ltr'>qui</span> <span class='ocrx_word' id='word_1_147' title='bbox 532 1537 598 1590; x_wconf 90' lang='lat' dir='ltr'>inde</span> <span class='ocrx_word' id='word_1_148' title='bbox 616 1536 652 1592; x_wconf 87' lang='lat' dir='ltr'>ab</span> <span class='ocrx_word' id='word_1_149' title='bbox 664 1536 744 1590; x_wconf 68' lang='lat' dir='ltr'>initio</span> <span class='ocrx_word' id='word_1_150' title='bbox 755 1535 853 1590; x_wconf 81' lang='lat' dir='ltr'>mundi</span> <span class='ocrx_word' id='word_1_151' title='bbox 867 1542 930 1589; x_wconf 86' lang='lat' dir='ltr'>ants</span> <span class='ocrx_word' id='word_1_152' title='bbox 940 1532 984 1586; x_wconf 80' lang='lat' dir='ltr'>liu</span> 
     </span>
     <span class='ocr_line' id='line_1_19' title="bbox 104 1601 984 1675; baseline -0.003 -18"><span class='ocrx_word' id='word_1_153' title='bbox 104 1602 285 1657; x_wconf 87' lang='lat' dir='ltr'>novissimum</span> <span class='ocrx_word' id='word_1_154' title='bbox 303 1603 361 1658; x_wconf 84' lang='lat' dir='ltr'>vita</span> <span class='ocrx_word' id='word_1_155' title='bbox 381 1603 513 1673; x_wconf 83' lang='lat' dir='ltr'>defuncti,</span> <span class='ocrx_word' id='word_1_156' title='bbox 555 1605 583 1659; x_wconf 90' lang='lat' dir='ltr'>ui</span> <span class='ocrx_word' id='word_1_157' title='bbox 601 1621 696 1660; x_wconf 90' lang='lat' dir='ltr'>omnes</span> <span class='ocrx_word' id='word_1_158' title='bbox 714 1603 784 1659; x_wconf 88' lang='lat' dir='ltr'>tuba</span> <span class='ocrx_word' id='word_1_159' title='bbox 795 1601 949 1675; x_wconf 74' lang='lat' dir='ltr'>archangeli</span> <span class='ocrx_word' id='word_1_160' title='bbox 962 1614 984 1654; x_wconf 78' lang='lat' dir='ltr'>er</span> 
     </span>
     <span class='ocr_line' id='line_1_20' title="bbox 105 1670 984 1741; baseline 0 -16"><span class='ocrx_word' id='word_1_161' title='bbox 105 1670 266 1726; x_wconf 87' lang='lat' dir='ltr'>citabuntur</span> <span class='ocrx_word' id='word_1_162' title='bbox 283 1679 311 1727; x_wconf 90' lang='lat' dir='ltr'>et</span> <span class='ocrx_word' id='word_1_163' title='bbox 328 1673 364 1727; x_wconf 92' lang='lat' dir='ltr'>ad</span> <span class='ocrx_word' id='word_1_164' title='bbox 383 1674 506 1728; x_wconf 88' lang='lat' dir='ltr'>tribunal</span> <span class='ocrx_word' id='word_1_165' title='bbox 523 1673 545 1729; x_wconf 82' lang='lat' dir='ltr'>C</span> <span class='ocrx_word' id='word_1_166' title='bbox 565 1674 626 1728; x_wconf 88' lang='lat' dir='ltr'>risti</span> <span class='ocrx_word' id='word_1_167' title='bbox 644 1674 784 1741; x_wconf 84' lang='lat' dir='ltr'>sistentur,</span> <span class='ocrx_word' id='word_1_168' title='bbox 813 1674 895 1727; x_wconf 81' lang='lat' dir='ltr'>Rom.</span> <span class='ocrx_word' id='word_1_169' title='bbox 911 1674 949 1733; x_wconf 73' lang='grc'>11,</span> <span class='ocrx_word' id='word_1_170' title='bbox 963 1670 984 1721; x_wconf 78' lang='lat' dir='ltr'>it</span> 
     </span>
     <span class='ocr_line' id='line_1_21' title="bbox 107 1738 984 1814; baseline -0.001 -18"><span class='ocrx_word' id='word_1_171' title='bbox 107 1739 165 1796; x_wconf 90' lang='lat' dir='ltr'>Ubi</span> <span class='ocrx_word' id='word_1_172' title='bbox 183 1741 265 1795; x_wconf 89' lang='lat' dir='ltr'>simul</span> <span class='ocrx_word' id='word_1_173' title='bbox 282 1740 462 1796; x_wconf 89' lang='lat' dir='ltr'>includuntur</span> <span class='ocrx_word' id='word_1_174' title='bbox 473 1743 574 1814; x_wconf 81' lang='lat' dir='ltr'>angeli,</span> <span class='ocrx_word' id='word_1_175' title='bbox 592 1742 640 1814; x_wconf 86' lang='lat' dir='ltr'>qui</span> <span class='ocrx_word' id='word_1_176' title='bbox 658 1759 714 1796; x_wconf 89' lang='lat' dir='ltr'>nou</span> <span class='ocrx_word' id='word_1_177' title='bbox 726 1747 874 1796; x_wconf 83' lang='lat' dir='ltr'>servarunt</span> <span class='ocrx_word' id='word_1_178' title='bbox 884 1738 984 1811; x_wconf 71' lang='lat' dir='ltr'>origine</span> 
     </span>
     <span class='ocr_line' id='line_1_22' title="bbox 106 1804 984 1882; baseline -0.001 -20"><span class='ocrx_word' id='word_1_179' title='bbox 106 1826 194 1876; x_wconf 90' lang='lat' dir='ltr'>suam,</span> <span class='ocrx_word' id='word_1_180' title='bbox 220 1810 312 1865; x_wconf 79' lang='lat' dir='ltr'>dudae</span> <span class='ocrx_word' id='word_1_181' title='bbox 335 1828 406 1868; x_wconf 83' lang='lat' dir='ltr'>vers.</span> <span class='ocrx_word' id='word_1_182' title='bbox 431 1819 455 1876; x_wconf 84' lang='lat'>6,</span> <span class='ocrx_word' id='word_1_183' title='bbox 478 1812 596 1882; x_wconf 91' lang='lat' dir='ltr'>ideoque</span> <span class='ocrx_word' id='word_1_184' title='bbox 609 1810 716 1880; x_wconf 87' lang='lat' dir='ltr'>judicio</span> <span class='ocrx_word' id='word_1_185' title='bbox 743 1811 839 1882; x_wconf 79' lang='lat' dir='ltr'>magni</span> <span class='ocrx_word' id='word_1_186' title='bbox 864 1804 984 1870; x_wconf 77' lang='lat' dir='ltr'>illius,di¹</span> 
     </span>
     <span class='ocr_line' id='line_1_23' title="bbox 107 1879 984 1951; baseline 0.001 -21"><span class='ocrx_word' id='word_1_187' title='bbox 107 1879 228 1934; x_wconf 82' lang='lat' dir='ltr'>vinculis</span> <span class='ocrx_word' id='word_1_188' title='bbox 249 1881 368 1934; x_wconf 88' lang='lat' dir='ltr'>aeternis</span> <span class='ocrx_word' id='word_1_189' title='bbox 385 1880 436 1934; x_wconf 92' lang='lat' dir='ltr'>suh</span> <span class='ocrx_word' id='word_1_190' title='bbox 456 1880 576 1951; x_wconf 80' lang='lat' dir='ltr'>caligine</span> <span class='ocrx_word' id='word_1_191' title='bbox 596 1887 785 1934; x_wconf 82' lang='lat' dir='ltr'>reservantur.</span> <span class='ocrx_word' id='word_1_192' title='bbox 806 1883 834 1934; x_wconf 81' lang='lat'>2.</span> <span class='ocrx_word' id='word_1_193' title='bbox 854 1881 929 1932; x_wconf 78' lang='lat' dir='ltr'>Patr.</span> <span class='ocrx_word' id='word_1_194' title='bbox 943 1880 984 1945; x_wconf 74' lang='grc'>1,·</span> 
     </span>
     <span class='ocr_line' id='line_1_24' title="bbox 107 1942 984 2019; baseline -0.003 -19"><span class='ocrx_word' id='word_1_195' title='bbox 107 1948 168 2001; x_wconf 89' lang='lat' dir='ltr'>Nec</span> <span class='ocrx_word' id='word_1_196' title='bbox 187 1949 277 2003; x_wconf 80' lang='lat' dir='ltr'>obstat</span> <span class='ocrx_word' id='word_1_197' title='bbox 302 1954 324 2004; x_wconf 87' lang='lat'>1.</span> <span class='ocrx_word' id='word_1_198' title='bbox 344 1949 420 2019; x_wconf 92' lang='lat' dir='ltr'>quod</span> <span class='ocrx_word' id='word_1_199' title='bbox 437 1948 571 2003; x_wconf 91' lang='lat' dir='ltr'>Diabolus</span> <span class='ocrx_word' id='word_1_200' title='bbox 586 1949 647 2018; x_wconf 91' lang='lat' dir='ltr'>jam</span> <span class='ocrx_word' id='word_1_201' title='bbox 661 1949 806 2017; x_wconf 80' lang='lat' dir='ltr'>judicatus</span> <span class='ocrx_word' id='word_1_202' title='bbox 829 1948 940 2015; x_wconf 86' lang='lat' dir='ltr'>dicitur,</span> <span class='ocrx_word' id='word_1_203' title='bbox 959 1942 984 1997; x_wconf 77' lang='lat' dir='ltr'>Ji</span> 
     </span>
     <span class='ocr_line' id='line_1_25' title="bbox 107 2012 984 2088; baseline -0.005 -19"><span class='ocrx_word' id='word_1_204' title='bbox 107 2017 172 2073; x_wconf 82' lang='lat' dir='ltr'>tan.</span> <span class='ocrx_word' id='word_1_205' title='bbox 190 2021 240 2081; x_wconf 80' lang='lat'>16,</span> <span class='ocrx_word' id='word_1_206' title='bbox 259 2021 301 2084; x_wconf 83' lang='lat'>11,</span> <span class='ocrx_word' id='word_1_207' title='bbox 321 2018 415 2088; x_wconf 87' lang='lat' dir='ltr'>etqui</span> <span class='ocrx_word' id='word_1_208' title='bbox 431 2034 487 2071; x_wconf 93' lang='lat' dir='ltr'>non</span> <span class='ocrx_word' id='word_1_209' title='bbox 504 2018 606 2086; x_wconf 87' lang='lat' dir='ltr'>credit,</span> <span class='ocrx_word' id='word_1_210' title='bbox 626 2019 688 2086; x_wconf 85' lang='lat' dir='ltr'>jam</span> <span class='ocrx_word' id='word_1_211' title='bbox 709 2017 854 2086; x_wconf 89' lang='lat' dir='ltr'>judicatus</span> <span class='ocrx_word' id='word_1_212' title='bbox 873 2021 928 2084; x_wconf 86' lang='lat' dir='ltr'>est,</span> <span class='ocrx_word' id='word_1_213' title='bbox 947 2012 984 2067; x_wconf 73' lang='lat' dir='ltr'>ln</span> 
     </span>
     <span class='ocr_line' id='line_1_26' title="bbox 105 2078 984 2167; baseline 0.002 -30"><span class='ocrx_word' id='word_1_214' title='bbox 105 2087 135 2152; x_wconf 81' lang='grc'>3,</span> <span class='ocrx_word' id='word_1_215' title='bbox 154 2089 194 2139; x_wconf 85' lang='lat'>18.</span> <span class='ocrx_word' id='word_1_216' title='bbox 230 2085 303 2140; x_wconf 91' lang='lat' dir='ltr'>Vide</span> <span class='ocrx_word' id='word_1_217' title='bbox 319 2087 411 2139; x_wconf 80' lang='lat' dir='ltr'>Urain.</span> <span class='ocrx_word' id='word_1_218' title='bbox 425 2086 522 2167; x_wconf 82' lang='lat' dir='ltr'>explic.</span> <span class='ocrx_word' id='word_1_219' title='bbox 541 2085 646 2140; x_wconf 88' lang='lat' dir='ltr'>catech.</span> <span class='ocrx_word' id='word_1_220' title='bbox 665 2104 691 2139; x_wconf 93' lang='lat' dir='ltr'>n.</span> <span class='ocrx_word' id='word_1_221' title='bbox 711 2092 735 2140; x_wconf 80' lang='lat' dir='ltr'>a.</span> <span class='ocrx_word' id='word_1_222' title='bbox 754 2102 780 2155; x_wconf 89' lang='lat' dir='ltr'>p.</span> <span class='ocrx_word' id='word_1_223' title='bbox 795 2091 853 2141; x_wconf 78' lang='lat'>³64.</span> <span class='ocrx_word' id='word_1_224' title='bbox 882 2085 927 2139; x_wconf 82' lang='lat' dir='ltr'>Fit</span> <span class='ocrx_word' id='word_1_225' title='bbox 942 2078 984 2139; x_wconf 75' lang='lat' dir='ltr'>eall</span> 
     </span>
     <span class='ocr_line' id='line_1_27' title="bbox 108 2152 984 2225; baseline 0 -19"><span class='ocrx_word' id='word_1_226' title='bbox 108 2152 161 2207; x_wconf 93' lang='lat' dir='ltr'>hoc</span> <span class='ocrx_word' id='word_1_227' title='bbox 179 2155 333 2207; x_wconf 91' lang='lat' dir='ltr'>secundum</span> <span class='ocrx_word' id='word_1_228' title='bbox 345 2155 421 2225; x_wconf 88' lang='lat' dir='ltr'>qnid,</span> <span class='ocrx_word' id='word_1_229' title='bbox 441 2155 570 2208; x_wconf 79' lang='lat' dir='ltr'>nimirum</span> <span class='ocrx_word' id='word_1_230' title='bbox 592 2162 613 2209; x_wconf 87' lang='lat' dir='ltr'>l.</span> <span class='ocrx_word' id='word_1_231' title='bbox 626 2154 655 2207; x_wconf 89' lang='lat' dir='ltr'>in</span> <span class='ocrx_word' id='word_1_232' title='bbox 672 2153 766 2221; x_wconf 88' lang='lat' dir='ltr'>verbo,</span> <span class='ocrx_word' id='word_1_233' title='bbox 783 2160 807 2210; x_wconf 85' lang='lat'>2.</span> <span class='ocrx_word' id='word_1_234' title='bbox 827 2153 885 2207; x_wconf 89' lang='lat' dir='ltr'>suis</span> <span class='ocrx_word' id='word_1_235' title='bbox 898 2154 984 2222; x_wconf 79' lang='lat' dir='ltr'>ipsun</span> 
     </span>
     <span class='ocr_line' id='line_1_28' title="bbox 108 2218 984 2292; baseline -0.002 -18"><span class='ocrx_word' id='word_1_236' title='bbox 108 2222 303 2284; x_wconf 88' lang='lat' dir='ltr'>conscientiis,</span> <span class='ocrx_word' id='word_1_237' title='bbox 322 2229 344 2277; x_wconf 87' lang='lat'>3.</span> <span class='ocrx_word' id='word_1_238' title='bbox 364 2224 538 2278; x_wconf 87' lang='lat' dir='ltr'>inchoatione</span> <span class='ocrx_word' id='word_1_239' title='bbox 555 2239 668 2292; x_wconf 90' lang='lat' dir='ltr'>poenae.</span> <span class='ocrx_word' id='word_1_240' title='bbox 704 2223 785 2275; x_wconf 83' lang='lat' dir='ltr'>Tunc</span> <span class='ocrx_word' id='word_1_241' title='bbox 804 2234 897 2276; x_wconf 85' lang='lat' dir='ltr'>autem</span> <span class='ocrx_word' id='word_1_242' title='bbox 911 2218 984 2291; x_wconf 76' lang='lat' dir='ltr'>judin</span> 
     </span>
     <span class='ocr_line' id='line_1_29' title="bbox 108 2284 984 2411; baseline -0.003 -68"><span class='ocrx_word' id='word_1_243' title='bbox 108 2289 212 2343; x_wconf 92' lang='lat' dir='ltr'>buntur</span> <span class='ocrx_word' id='word_1_244' title='bbox 236 2290 333 2411; x_wconf 69' lang='lat' dir='ltr'>puoad</span> <span class='ocrx_word' id='word_1_245' title='bbox 356 2292 606 2363; x_wconf 86' lang='lat' dir='ltr'>promulgationem</span> <span class='ocrx_word' id='word_1_246' title='bbox 634 2297 663 2345; x_wconf 93' lang='lat' dir='ltr'>et</span> <span class='ocrx_word' id='word_1_247' title='bbox 681 2291 928 2345; x_wconf 83' lang='lat' dir='ltr'>manifestationem</span> <span class='ocrx_word' id='word_1_248' title='bbox 940 2284 984 2357; x_wconf 78' lang='lat' dir='ltr'>jul</span> 
     </span>
     <span class='ocr_line' id='line_1_30' title="bbox 108 2356 984 2431; baseline -0.001 -21"><span class='ocrx_word' id='word_1_249' title='bbox 108 2356 145 2410; x_wconf 91' lang='lat' dir='ltr'>cii</span> <span class='ocrx_word' id='word_1_250' title='bbox 159 2358 219 2427; x_wconf 91' lang='lat' dir='ltr'>jam</span> <span class='ocrx_word' id='word_1_251' title='bbox 249 2359 316 2426; x_wconf 90' lang='lat' dir='ltr'>acti,</span> <span class='ocrx_word' id='word_1_252' title='bbox 338 2367 361 2413; x_wconf 82' lang='grc'>’2.</span> <span class='ocrx_word' id='word_1_253' title='bbox 380 2362 472 2431; x_wconf 91' lang='lat' dir='ltr'>quoad</span> <span class='ocrx_word' id='word_1_254' title='bbox 489 2377 596 2430; x_wconf 89' lang='lat' dir='ltr'>poenae</span> <span class='ocrx_word' id='word_1_255' title='bbox 619 2360 865 2430; x_wconf 83' lang='lat' dir='ltr'>exasperationem,</span> <span class='ocrx_word' id='word_1_256' title='bbox 884 2365 907 2413; x_wconf 81' lang='lat'>3.</span> <span class='ocrx_word' id='word_1_257' title='bbox 923 2368 984 2427; x_wconf 72' lang='lat' dir='ltr'>qus·</span> 
     </span>
     <span class='ocr_line' id='line_1_31' title="bbox 108 2427 984 2502; baseline -0.001 -22"><span class='ocrx_word' id='word_1_258' title='bbox 108 2443 211 2496; x_wconf 91' lang='lat' dir='ltr'>poenas</span> <span class='ocrx_word' id='word_1_259' title='bbox 230 2433 258 2481; x_wconf 91' lang='lat' dir='ltr'>et</span> <span class='ocrx_word' id='word_1_260' title='bbox 276 2427 415 2482; x_wconf 88' lang='lat' dir='ltr'>cruciatus</span> <span class='ocrx_word' id='word_1_261' title='bbox 434 2446 579 2498; x_wconf 87' lang='lat' dir='ltr'>corporum</span> <span class='ocrx_word' id='word_1_262' title='bbox 597 2429 751 2499; x_wconf 89' lang='lat' dir='ltr'>impiorum.</span> <span class='ocrx_word' id='word_1_263' title='bbox 793 2430 856 2482; x_wconf 79' lang='lat' dir='ltr'>Nec</span> <span class='ocrx_word' id='word_1_264' title='bbox 881 2428 984 2502; x_wconf 72' lang='lat' dir='ltr'>obstat!</span> 
     </span>
     <span class='ocr_line' id='line_1_32' title="bbox 110 2494 984 2571; baseline -0.002 -23"><span class='ocrx_word' id='word_1_265' title='bbox 110 2496 184 2565; x_wconf 90' lang='lat' dir='ltr'>quod</span> <span class='ocrx_word' id='word_1_266' title='bbox 205 2496 253 2566; x_wconf 90' lang='lat' dir='ltr'>qui</span> <span class='ocrx_word' id='word_1_267' title='bbox 272 2497 359 2551; x_wconf 88' lang='lat' dir='ltr'>credit</span> <span class='ocrx_word' id='word_1_268' title='bbox 376 2515 433 2551; x_wconf 91' lang='lat' dir='ltr'>non</span> <span class='ocrx_word' id='word_1_269' title='bbox 447 2499 677 2568; x_wconf 81' lang='lat' dir='ltr'>judicatur,.lot.</span> <span class='ocrx_word' id='word_1_270' title='bbox 693 2500 775 2565; x_wconf 81' lang='lat'>3,18,</span> <span class='ocrx_word' id='word_1_271' title='bbox 794 2504 823 2551; x_wconf 89' lang='lat' dir='ltr'>et</span> <span class='ocrx_word' id='word_1_272' title='bbox 839 2496 869 2549; x_wconf 92' lang='lat' dir='ltr'>in</span> <span class='ocrx_word' id='word_1_273' title='bbox 882 2494 984 2571; x_wconf 71' lang='lat' dir='ltr'>judicia!</span> 
     </span>
     <span class='ocr_line' id='line_1_33' title="bbox 22 2562 985 2637; baseline -0.002 -18"><span class='ocrx_word' id='word_1_274' title='bbox 22 2612 25 2619; x_wconf 94' lang='grc'><em>,</em></span> <span class='ocrx_word' id='word_1_275' title='bbox 107 2581 164 2618; x_wconf 87' lang='lat' dir='ltr'>non</span> <span class='ocrx_word' id='word_1_276' title='bbox 189 2567 278 2633; x_wconf 87' lang='lat' dir='ltr'>venit,</span> <span class='ocrx_word' id='word_1_277' title='bbox 296 2566 363 2623; x_wconf 80' lang='lat' dir='ltr'>Jot.</span> <span class='ocrx_word' id='word_1_278' title='bbox 382 2571 413 2630; x_wconf 81' lang='lat'>5,</span> <span class='ocrx_word' id='word_1_279' title='bbox 436 2571 479 2619; x_wconf 74' lang='lat'>24.</span> <span class='ocrx_word' id='word_1_280' title='bbox 521 2571 585 2620; x_wconf 78' lang='lat' dir='ltr'>n&#39;on</span> <span class='ocrx_word' id='word_1_281' title='bbox 597 2567 766 2636; x_wconf 81' lang='lat' dir='ltr'>judicator,</span> <span class='ocrx_word' id='word_1_282' title='bbox 787 2565 894 2620; x_wconf 85' lang='lat' dir='ltr'>scilicet</span> <span class='ocrx_word' id='word_1_283' title='bbox 904 2562 985 2637; x_wconf 69' lang='lat' dir='ltr'>judit!</span> 
     </span>
     <span class='ocr_line' id='line_1_34' title="bbox 106 2631 984 2703; baseline 0 -17"><span class='ocrx_word' id='word_1_284' title='bbox 106 2633 348 2688; x_wconf 80' lang='lat' dir='ltr'>condemnationis</span> <span class='ocrx_word' id='word_1_285' title='bbox 399 2635 495 2688; x_wconf 81' lang='lat' dir='ltr'>Veniet</span> <span class='ocrx_word' id='word_1_286' title='bbox 511 2643 603 2688; x_wconf 74' lang='lat' dir='ltr'>aistano</span> <span class='ocrx_word' id='word_1_287' title='bbox 621 2636 651 2687; x_wconf 92' lang='lat' dir='ltr'>in</span> <span class='ocrx_word' id='word_1_288' title='bbox 662 2634 811 2703; x_wconf 82' lang='lat' dir='ltr'>judicium</span> <span class='ocrx_word' id='word_1_289' title='bbox 829 2631 984 2686; x_wconf 64' lang='lat' dir='ltr'>anonam</span> 
     </span>
     <span class='ocr_line' id='line_1_35' title="bbox 106 2701 886 2771; baseline -0.001 -14"><span class='ocrx_word' id='word_1_290' title='bbox 106 2701 179 2758; x_wconf 90' lang='lat' dir='ltr'>Vide</span> <span class='ocrx_word' id='word_1_291' title='bbox 192 2705 310 2771; x_wconf 75' lang='lat' dir='ltr'>Anpust.</span> <span class='ocrx_word' id='word_1_292' title='bbox 329 2710 409 2758; x_wconf 83' lang='lat' dir='ltr'>tract.</span> <span class='ocrx_word' id='word_1_293' title='bbox 424 2711 465 2758; x_wconf 79' lang='lat'>22.</span> <span class='ocrx_word' id='word_1_294' title='bbox 483 2705 513 2757; x_wconf 91' lang='lat' dir='ltr'>in</span> <span class='ocrx_word' id='word_1_295' title='bbox 529 2704 593 2758; x_wconf 83' lang='lat' dir='ltr'>Joh.</span> <span class='ocrx_word' id='word_1_296' title='bbox 613 2711 632 2757; x_wconf 84' lang='lat' dir='ltr'>t</span> <span class='ocrx_word' id='word_1_297' title='bbox 652 2709 675 2758; x_wconf 84' lang='lat' dir='ltr'>a</span> <span class='ocrx_word' id='word_1_298' title='bbox 693 2703 745 2757; x_wconf 90' lang='lat' dir='ltr'>col.</span> <span class='ocrx_word' id='word_1_299' title='bbox 765 2708 822 2758; x_wconf 82' lang='grc'>191.</span> <span class='ocrx_word' id='word_1_300' title='bbox 841 2702 886 2769; x_wconf 85' lang='grc' dir='ltr'>Β.)</span> 
     </span>
    </p>
   </div>
   <div class='ocr_carea' id='block_1_4' title="bbox 108 2840 984 3010">
    <p class='ocr_par' dir='ltr' id='par_1_4' title="bbox 108 2840 984 3010">
     <span class='ocr_line' id='line_1_36' title="bbox 108 2840 984 2926; baseline -0.01 -20"><span class='ocrx_word' id='word_1_301' title='bbox 108 2840 139 2909; x_wconf 76' lang='grc'>2.</span> <span class='ocrx_word' id='word_1_302' title='bbox 181 2841 325 2906; x_wconf 81' lang='lat' dir='ltr'>Credisne</span> <span class='ocrx_word' id='word_1_303' title='bbox 345 2844 437 2926; x_wconf 71' lang='lat' dir='ltr'>ipitnr</span> <span class='ocrx_word' id='word_1_304' title='bbox 459 2853 539 2904; x_wconf 81' lang='lat' dir='ltr'>certo</span> <span class='ocrx_word' id='word_1_305' title='bbox 551 2842 708 2924; x_wconf 79' lang='lat' dir='ltr'>judiciam</span> <span class='ocrx_word' id='word_1_306' title='bbox 728 2843 867 2906; x_wconf 66' lang='lat' dir='ltr'>ainornm</span> <span class='ocrx_word' id='word_1_307' title='bbox 887 2848 915 2901; x_wconf 78' lang='lat' dir='ltr'>ct</span> <span class='ocrx_word' id='word_1_308' title='bbox 930 2848 984 2897; x_wconf 72' lang='lat' dir='ltr'>mot</span> 
     </span>
     <span class='ocr_line' id='line_1_37' title="bbox 408 2923 718 3010; baseline -0.003 -21"><span class='ocrx_word' id='word_1_309' title='bbox 408 2937 531 2991; x_wconf 73' lang='lat' dir='ltr'>mortim</span> <span class='ocrx_word' id='word_1_310' title='bbox 546 2923 718 3010; x_wconf 74' lang='lat' dir='ltr'>futurum?</span> 
     </span>
    </p>
   </div>
   <div class='ocr_carea' id='block_1_5' title="bbox 108 3039 984 3384">
    <p class='ocr_par' dir='ltr' id='par_1_5' title="bbox 108 3039 984 3277">
     <span class='ocr_line' id='line_1_38' title="bbox 195 3039 984 3125; baseline -0.01 -19"><span class='ocrx_word' id='word_1_311' title='bbox 195 3041 328 3107; x_wconf 80' lang='lat' dir='ltr'>Omnino</span> <span class='ocrx_word' id='word_1_312' title='bbox 354 3046 465 3123; x_wconf 73' lang='lat' dir='ltr'>rrcd05</span> <span class='ocrx_word' id='word_1_313' title='bbox 499 3041 587 3122; x_wconf 79' lang='lat' dir='ltr'>Quia</span> <span class='ocrx_word' id='word_1_314' title='bbox 614 3041 803 3106; x_wconf 84' lang='lat' dir='ltr'>indubitatis</span> <span class='ocrx_word' id='word_1_315' title='bbox 836 3039 984 3125; x_wconf 63' lang='lat' dir='ltr'>Scriptum</span> 
     </span>
     <span class='ocr_line' id='line_1_39' title="bbox 112 3123 984 3207; baseline -0.002 -17"><span class='ocrx_word' id='word_1_316' title='bbox 112 3149 220 3191; x_wconf 90' lang='lat' dir='ltr'>sacrae</span> <span class='ocrx_word' id='word_1_317' title='bbox 235 3129 277 3195; x_wconf 91' lang='lat' dir='ltr'>V.</span> <span class='ocrx_word' id='word_1_318' title='bbox 296 3139 329 3191; x_wconf 92' lang='lat' dir='ltr'>et</span> <span class='ocrx_word' id='word_1_319' title='bbox 343 3128 384 3191; x_wconf 93' lang='lat' dir='ltr'>N.</span> <span class='ocrx_word' id='word_1_320' title='bbox 401 3127 602 3191; x_wconf 87' lang='lat' dir='ltr'>instrumenti</span> <span class='ocrx_word' id='word_1_321' title='bbox 624 3126 815 3191; x_wconf 88' lang='lat' dir='ltr'>testimoniis</span> <span class='ocrx_word' id='word_1_322' title='bbox 836 3127 896 3190; x_wconf 93' lang='lat' dir='ltr'>hoo</span> <span class='ocrx_word' id='word_1_323' title='bbox 914 3123 984 3207; x_wconf 70' lang='lat' dir='ltr'>ipsu!</span> 
     </span>
     <span class='ocr_line' id='line_1_40' title="bbox 108 3211 351 3277; baseline 0.004 -3"><span class='ocrx_word' id='word_1_324' title='bbox 108 3211 351 3277; x_wconf 89' lang='lat' dir='ltr'>demonstratur.</span> 
     </span>
    </p>

    <p class='ocr_par' dir='ltr' id='par_1_6' title="bbox 194 3286 984 3384">
     <span class='ocr_line' id='line_1_41' title="bbox 194 3286 984 3384; baseline 0 -24"><span class='ocrx_word' id='word_1_325' title='bbox 194 3297 278 3361; x_wconf 80' lang='lat' dir='ltr'>Paul</span> <span class='ocrx_word' id='word_1_326' title='bbox 293 3301 324 3374; x_wconf 81' lang='lat'>9,</span> <span class='ocrx_word' id='word_1_327' title='bbox 337 3304 372 3362; x_wconf 79' lang='lat' dir='ltr'>a:</span> <span class='ocrx_word' id='word_1_328' title='bbox 396 3296 555 3362; x_wconf 90' lang='lat' dir='ltr'>Dominus</span> <span class='ocrx_word' id='word_1_329' title='bbox 574 3296 699 3384; x_wconf 88' lang='lat' dir='ltr'>paravit</span> <span class='ocrx_word' id='word_1_330' title='bbox 712 3295 753 3360; x_wconf 89' lang='lat' dir='ltr'>ad</span> <span class='ocrx_word' id='word_1_331' title='bbox 763 3295 918 3380; x_wconf 84' lang='lat' dir='ltr'>judicium</span> <span class='ocrx_word' id='word_1_332' title='bbox 929 3286 984 3353; x_wconf 68' lang='lat' dir='ltr'>thffl</span> 
     </span>
    </p>
   </div>
   <div class='ocr_carea' id='block_1_6' title="bbox 0 0 1130 3772">
    <p class='ocr_par' dir='ltr' id='par_1_7' title="bbox 0 0 1130 3772">
     <span class='ocr_line' id='line_1_42' title="bbox 0 0 1130 3772; baseline 0 0"><span class='ocrx_word' id='word_1_333' title='bbox 0 0 1130 3772; x_wconf 95' lang='lat' dir='ltr'> </span> 
     </span>
    </p>
   </div>
  </div>
 </body>
</html>
