<?xml version="1.0" encoding="UTF-8"?>
<!DOCTYPE html PUBLIC "-//W3C//DTD XHTML 1.0 Transitional//EN"
    "http://www.w3.org/TR/xhtml1/DTD/xhtml1-transitional.dtd">
<html xmlns="http://www.w3.org/1999/xhtml" xml:lang="en" lang="en">
 <head>
  <title>
</title>
<meta http-equiv="Content-Type" content="text/html;charset=utf-8" />
  <meta name='ocr-system' content='tesseract 3.04.00' />
  <meta name='ocr-capabilities' content='ocr_page ocr_carea ocr_par ocr_line ocrx_word'/>
</head>
<body>
  <div class='ocr_page' id='page_1' title='image "./dconradidieteri00dietgoog_0152.png"; bbox 0 0 2250 3772; ppageno 0'>
   <div class='ocr_carea' id='block_1_1' title="bbox 241 214 1037 332">
    <p class='ocr_par' dir='ltr' id='par_1_1' title="bbox 241 214 1037 332">
     <span class='ocr_line' id='line_1_1' title="bbox 241 214 1037 332; baseline 0.013 -26"><span class='ocrx_word' id='word_1_1' title='bbox 241 239 328 306; x_wconf 84' lang='lat' dir='ltr'><strong>Sext.</strong></span> <span class='ocrx_word' id='word_1_2' title='bbox 343 214 447 328; x_wconf 85' lang='lat' dir='ltr'><strong>praec.</strong></span> <span class='ocrx_word' id='word_1_3' title='bbox 463 276 505 288; x_wconf 89' lang='lat'><strong>—-</strong></span> <span class='ocrx_word' id='word_1_4' title='bbox 521 241 573 307; x_wconf 91' lang='lat' dir='ltr'><strong>De</strong></span> <span class='ocrx_word' id='word_1_5' title='bbox 589 244 689 310; x_wconf 87' lang='lat' dir='ltr'><strong>castit.</strong></span> <span class='ocrx_word' id='word_1_6' title='bbox 707 255 739 309; x_wconf 90' lang='lat' dir='ltr'><strong>et</strong></span> <span class='ocrx_word' id='word_1_7' title='bbox 754 247 913 332; x_wconf 83' lang='lat' dir='ltr'><strong>conjugio.</strong></span> <span class='ocrx_word' id='word_1_8' title='bbox 974 247 1037 316; x_wconf 88' lang='lat'><strong>119</strong></span> 
     </span>
    </p>
   </div>
   <div class='ocr_carea' id='block_1_2' title="bbox 102 403 1032 548">
    <p class='ocr_par' dir='ltr' id='par_1_2' title="bbox 102 403 1032 548">
     <span class='ocr_line' id='line_1_2' title="bbox 106 403 1032 487; baseline 0.016 -30"><span class='ocrx_word' id='word_1_9' title='bbox 106 403 250 463; x_wconf 81' lang='lat' dir='ltr'><strong>laborant</strong></span> <span class='ocrx_word' id='word_1_10' title='bbox 268 409 448 481; x_wconf 81' lang='lat' dir='ltr'><strong>impotentia,</strong></span> <span class='ocrx_word' id='word_1_11' title='bbox 470 411 633 466; x_wconf 80' lang='lat' dir='ltr'><strong>contrahere</strong></span> <span class='ocrx_word' id='word_1_12' title='bbox 655 413 858 468; x_wconf 80' lang='lat' dir='ltr'><strong>matrimonium</strong></span> <span class='ocrx_word' id='word_1_13' title='bbox 877 414 1032 487; x_wconf 87' lang='lat' dir='ltr'><strong>legitimum</strong></span> 
     </span>
     <span class='ocr_line' id='line_1_3' title="bbox 102 483 329 548; baseline 0.035 -22"><span class='ocrx_word' id='word_1_14' title='bbox 102 490 181 531; x_wconf 84' lang='lat' dir='ltr'><strong>non</strong></span> <span class='ocrx_word' id='word_1_15' title='bbox 196 483 329 548; x_wconf 85' lang='lat' dir='ltr'><strong>possunt.)</strong></span> 
     </span>
    </p>
   </div>
   <div class='ocr_carea' id='block_1_3' title="bbox 206 598 950 684">
    <p class='ocr_par' dir='ltr' id='par_1_3' title="bbox 206 598 950 684">
     <span class='ocr_line' id='line_1_4' title="bbox 206 598 950 684; baseline 0.003 -21"><span class='ocrx_word' id='word_1_16' title='bbox 206 598 257 665; x_wconf 80' lang='grc'><strong>47.</strong></span> <span class='ocrx_word' id='word_1_17' title='bbox 288 598 480 678; x_wconf 72' lang='lat' dir='ltr'><strong>Quibusnam</strong></span> <span class='ocrx_word' id='word_1_18' title='bbox 500 601 674 684; x_wconf 75' lang='lat' dir='ltr'><strong>conjupium</strong></span> <span class='ocrx_word' id='word_1_19' title='bbox 693 614 736 666; x_wconf 83' lang='lat' dir='ltr'><strong>est</strong></span> <span class='ocrx_word' id='word_1_20' title='bbox 756 603 950 665; x_wconf 76' lang='lat' dir='ltr'><strong>institutum?</strong></span> 
     </span>
    </p>
   </div>
   <div class='ocr_carea' id='block_1_4' title="bbox 100 698 1034 3184">
    <p class='ocr_par' dir='ltr' id='par_1_4' title="bbox 100 698 1034 1040">
     <span class='ocr_line' id='line_1_5' title="bbox 187 698 1033 788; baseline 0.004 -23"><span class='ocrx_word' id='word_1_21' title='bbox 187 698 348 765; x_wconf 83' lang='lat' dir='ltr'><strong>Omnibus</strong></span> <span class='ocrx_word' id='word_1_22' title='bbox 370 699 444 776; x_wconf 88' lang='lat' dir='ltr'><strong>illis,</strong></span> <span class='ocrx_word' id='word_1_23' title='bbox 465 699 521 782; x_wconf 93' lang='lat' dir='ltr'><strong>qui</strong></span> <span class='ocrx_word' id='word_1_24' title='bbox 542 722 576 764; x_wconf 89' lang='lat' dir='ltr'><strong>se</strong></span> <span class='ocrx_word' id='word_1_25' title='bbox 599 702 640 764; x_wconf 87' lang='lat' dir='ltr'><strong>ad</strong></span> <span class='ocrx_word' id='word_1_26' title='bbox 655 702 735 766; x_wconf 91' lang='lat' dir='ltr'><strong>illud</strong></span> <span class='ocrx_word' id='word_1_27' title='bbox 751 715 841 788; x_wconf 90' lang='lat' dir='ltr'><strong>aptos</strong></span> <span class='ocrx_word' id='word_1_28' title='bbox 856 714 947 767; x_wconf 90' lang='lat' dir='ltr'><strong>natos</strong></span> <span class='ocrx_word' id='word_1_29' title='bbox 964 726 1033 768; x_wconf 85' lang='lat' dir='ltr'><strong>esse</strong></span> 
     </span>
     <span class='ocr_line' id='line_1_6' title="bbox 100 784 1034 854; baseline 0.013 -12"><span class='ocrx_word' id='word_1_30' title='bbox 100 784 261 848; x_wconf 78' lang='lat' dir='ltr'><strong>sentiunt</strong></span> <span class='ocrx_word' id='word_1_31' title='bbox 293 796 326 849; x_wconf 85' lang='lat' dir='ltr'><strong>et</strong></span> <span class='ocrx_word' id='word_1_32' title='bbox 360 785 516 849; x_wconf 89' lang='lat' dir='ltr'><strong>coelibem</strong></span> <span class='ocrx_word' id='word_1_33' title='bbox 552 785 652 850; x_wconf 85' lang='lat' dir='ltr'><strong>vitam</strong></span> <span class='ocrx_word' id='word_1_34' title='bbox 680 788 748 852; x_wconf 85' lang='lat' dir='ltr'><strong>sine</strong></span> <span class='ocrx_word' id='word_1_35' title='bbox 775 788 927 852; x_wconf 87' lang='lat' dir='ltr'><strong>castitatis</strong></span> <span class='ocrx_word' id='word_1_36' title='bbox 957 812 1034 854; x_wconf 84' lang='lat' dir='ltr'><strong>suae</strong></span> 
     </span>
     <span class='ocr_line' id='line_1_7' title="bbox 102 869 1034 957; baseline 0.005 -24"><span class='ocrx_word' id='word_1_37' title='bbox 102 869 262 949; x_wconf 85' lang='lat' dir='ltr'><strong>periculo</strong></span> <span class='ocrx_word' id='word_1_38' title='bbox 283 869 459 956; x_wconf 80' lang='lat' dir='ltr'><strong>transigere</strong></span> <span class='ocrx_word' id='word_1_39' title='bbox 480 892 546 933; x_wconf 91' lang='lat' dir='ltr'><strong>non</strong></span> <span class='ocrx_word' id='word_1_40' title='bbox 566 883 710 957; x_wconf 86' lang='lat' dir='ltr'><strong>possunt,</strong></span> <span class='ocrx_word' id='word_1_41' title='bbox 731 874 948 957; x_wconf 88' lang='lat' dir='ltr'><strong>cujuscunque</strong></span> <span class='ocrx_word' id='word_1_42' title='bbox 970 875 1034 938; x_wconf 87' lang='lat' dir='ltr'><strong>sint</strong></span> 
     </span>
     <span class='ocr_line' id='line_1_8' title="bbox 105 954 618 1040; baseline 0.018 -27"><span class='ocrx_word' id='word_1_43' title='bbox 105 972 226 1032; x_wconf 80' lang='lat' dir='ltr'><strong>sexus,</strong></span> <span class='ocrx_word' id='word_1_44' title='bbox 248 955 370 1019; x_wconf 84' lang='lat' dir='ltr'><strong>ordinis</strong></span> <span class='ocrx_word' id='word_1_45' title='bbox 392 967 424 1019; x_wconf 91' lang='lat' dir='ltr'><strong>et</strong></span> <span class='ocrx_word' id='word_1_46' title='bbox 445 954 618 1040; x_wconf 83' lang='lat' dir='ltr'><strong>dignitatis.</strong></span> 
     </span>
    </p>

    <p class='ocr_par' dir='ltr' id='par_1_5' title="bbox 104 1063 1033 1342">
     <span class='ocr_line' id='line_1_9' title="bbox 190 1063 1033 1136; baseline 0.004 -18"><span class='ocrx_word' id='word_1_47' title='bbox 190 1064 252 1131; x_wconf 84' lang='lat' dir='ltr'><strong>(Est</strong></span> <span class='ocrx_word' id='word_1_48' title='bbox 264 1063 339 1119; x_wconf 89' lang='lat' dir='ltr'><strong>enim</strong></span> <span class='ocrx_word' id='word_1_49' title='bbox 349 1063 511 1119; x_wconf 87' lang='lat' dir='ltr'><strong>honorabile</strong></span> <span class='ocrx_word' id='word_1_50' title='bbox 524 1065 685 1136; x_wconf 85' lang='lat' dir='ltr'><strong>conjugium</strong></span> <span class='ocrx_word' id='word_1_51' title='bbox 702 1065 737 1118; x_wconf 92' lang='lat' dir='ltr'><strong>in</strong></span> <span class='ocrx_word' id='word_1_52' title='bbox 754 1064 925 1130; x_wconf 89' lang='lat' dir='ltr'><strong>omnibus,</strong></span> <span class='ocrx_word' id='word_1_53' title='bbox 945 1067 1033 1121; x_wconf 80' lang='lat' dir='ltr'><strong>Hebr.</strong></span> 
     </span>
     <span class='ocr_line' id='line_1_10' title="bbox 107 1133 1033 1204; baseline 0.009 -22"><span class='ocrx_word' id='word_1_54' title='bbox 107 1133 154 1182; x_wconf 79' lang='grc'><strong>13</strong></span> <span class='ocrx_word' id='word_1_55' title='bbox 177 1136 200 1187; x_wconf 76' lang='lat'><strong>4.</strong></span> <span class='ocrx_word' id='word_1_56' title='bbox 220 1140 248 1188; x_wconf 88' lang='lat' dir='ltr'><strong>et</strong></span> <span class='ocrx_word' id='word_1_57' title='bbox 258 1150 349 1187; x_wconf 88' lang='lat' dir='ltr'><strong>unus</strong></span> <span class='ocrx_word' id='word_1_58' title='bbox 359 1133 508 1204; x_wconf 90' lang='lat' dir='ltr'><strong>quisque</strong></span> <span class='ocrx_word' id='word_1_59' title='bbox 522 1139 636 1204; x_wconf 84' lang='lat' dir='ltr'><strong>propter</strong></span> <span class='ocrx_word' id='word_1_60' title='bbox 647 1133 855 1191; x_wconf 81' lang='lat' dir='ltr'><strong>fornicationem</strong></span> <span class='ocrx_word' id='word_1_61' title='bbox 870 1135 1033 1204; x_wconf 84' lang='lat' dir='ltr'><strong>(vitandam)</strong></span> 
     </span>
     <span class='ocr_line' id='line_1_11' title="bbox 104 1172 1030 1273; baseline 0.005 -20"><span class='ocrx_word' id='word_1_62' title='bbox 104 1172 223 1257; x_wconf 66' lang='lat' dir='ltr'><strong>habeat</strong></span> <span class='ocrx_word' id='word_1_63' title='bbox 241 1218 363 1266; x_wconf 86' lang='lat' dir='ltr'><strong>uxorem,</strong></span> <span class='ocrx_word' id='word_1_64' title='bbox 381 1206 410 1256; x_wconf 88' lang='lat' dir='ltr'><strong>et</strong></span> <span class='ocrx_word' id='word_1_65' title='bbox 426 1218 610 1273; x_wconf 88' lang='lat' dir='ltr'><strong>unaquaeque</strong></span> <span class='ocrx_word' id='word_1_66' title='bbox 629 1221 708 1257; x_wconf 86' lang='lat' dir='ltr'><strong>suum</strong></span> <span class='ocrx_word' id='word_1_67' title='bbox 727 1203 825 1271; x_wconf 85' lang='lat' dir='ltr'><strong>virum,</strong></span> <span class='ocrx_word' id='word_1_68' title='bbox 845 1207 869 1259; x_wconf 90' lang='lat'><strong>1.</strong></span> <span class='ocrx_word' id='word_1_69' title='bbox 890 1203 983 1258; x_wconf 63' lang='lat' dir='ltr'><strong>eous</strong></span> <span class='ocrx_word' id='word_1_70' title='bbox 1004 1208 1030 1258; x_wconf 82' lang='lat'><strong>2.</strong></span> 
     </span>
     <span class='ocr_line' id='line_1_12' title="bbox 108 1245 1031 1342; baseline 0.009 -23"><span class='ocrx_word' id='word_1_71' title='bbox 108 1266 170 1323; x_wconf 87' lang='lat' dir='ltr'><strong>ubi</strong></span> <span class='ocrx_word' id='word_1_72' title='bbox 183 1270 313 1326; x_wconf 81' lang='lat' dir='ltr'><strong>verbum:</strong></span> <span class='ocrx_word' id='word_1_73' title='bbox 332 1269 442 1340; x_wconf 86' lang='lat' dir='ltr'><strong>habeat,</strong></span> <span class='ocrx_word' id='word_1_74' title='bbox 454 1271 617 1342; x_wconf 85' lang='lat' dir='ltr'><strong>imperantis</strong></span> <span class='ocrx_word' id='word_1_75' title='bbox 630 1277 745 1337; x_wconf 78' lang='lat' dir='ltr'><strong>estnon</strong></span> <span class='ocrx_word' id='word_1_76' title='bbox 756 1272 949 1341; x_wconf 89' lang='lat' dir='ltr'><strong>permittentis.</strong></span> <span class='ocrx_word' id='word_1_77' title='bbox 976 1245 1031 1331; x_wconf 74' lang='lat' dir='ltr'><strong>im-</strong></span> 
     </span>
    </p>

    <p class='ocr_par' dir='ltr' id='par_1_6' title="bbox 109 1339 1034 1909">
     <span class='ocr_line' id='line_1_13' title="bbox 152 1339 1033 1421; baseline 0.003 -28"><span class='ocrx_word' id='word_1_78' title='bbox 152 1345 199 1394; x_wconf 86' lang='lat' dir='ltr'><strong>rat</strong></span> <span class='ocrx_word' id='word_1_79' title='bbox 216 1347 311 1395; x_wconf 87' lang='lat' dir='ltr'><strong>autem</strong></span> <span class='ocrx_word' id='word_1_80' title='bbox 329 1339 465 1403; x_wconf 87' lang='lat' dir='ltr'><strong>omnibus,</strong></span> <span class='ocrx_word' id='word_1_81' title='bbox 487 1340 536 1421; x_wconf 86' lang='lat' dir='ltr'><strong>qui</strong></span> <span class='ocrx_word' id='word_1_82' title='bbox 553 1340 744 1394; x_wconf 77' lang='lat' dir='ltr'><strong>fornicationis</strong></span> <span class='ocrx_word' id='word_1_83' title='bbox 762 1340 888 1393; x_wconf 85' lang='lat' dir='ltr'><strong>stimulos</strong></span> <span class='ocrx_word' id='word_1_84' title='bbox 900 1341 1033 1396; x_wconf 82' lang='lat' dir='ltr'><strong>sentiunt</strong></span> 
     </span>
     <span class='ocr_line' id='line_1_14' title="bbox 139 1408 1033 1480; baseline 0.004 -21"><span class='ocrx_word' id='word_1_85' title='bbox 139 1409 249 1478; x_wconf 85' lang='lat' dir='ltr'><strong>xempti</strong></span> <span class='ocrx_word' id='word_1_86' title='bbox 267 1412 360 1463; x_wconf 89' lang='lat' dir='ltr'><strong>autem</strong></span> <span class='ocrx_word' id='word_1_87' title='bbox 378 1408 438 1472; x_wconf 87' lang='lat' dir='ltr'><strong>soli,</strong></span> <span class='ocrx_word' id='word_1_88' title='bbox 456 1426 504 1479; x_wconf 89' lang='lat' dir='ltr'><strong>qm</strong></span> <span class='ocrx_word' id='word_1_89' title='bbox 522 1414 623 1463; x_wconf 91' lang='lat' dir='ltr'><strong>natura</strong></span> <span class='ocrx_word' id='word_1_90' title='bbox 643 1410 679 1463; x_wconf 92' lang='lat' dir='ltr'><strong>ad</strong></span> <span class='ocrx_word' id='word_1_91' title='bbox 695 1409 857 1480; x_wconf 83' lang='lat' dir='ltr'><strong>conjugium</strong></span> <span class='ocrx_word' id='word_1_92' title='bbox 868 1410 956 1479; x_wconf 88' lang='lat' dir='ltr'><strong>inepti</strong></span> <span class='ocrx_word' id='word_1_93' title='bbox 989 1427 1033 1464; x_wconf 88' lang='lat' dir='ltr'><strong>ro·</strong></span> 
     </span>
     <span class='ocr_line' id='line_1_15' title="bbox 110 1476 1031 1559; baseline 0.003 -28"><span class='ocrx_word' id='word_1_94' title='bbox 110 1476 221 1554; x_wconf 61' lang='lat' dir='ltr'><strong>efeatir</strong></span> <span class='ocrx_word' id='word_1_95' title='bbox 247 1477 293 1533; x_wconf 82' lang='lat' dir='ltr'><strong>rel</strong></span> <span class='ocrx_word' id='word_1_96' title='bbox 316 1493 384 1531; x_wconf 88' lang='lat' dir='ltr'><strong>casu</strong></span> <span class='ocrx_word' id='word_1_97' title='bbox 406 1477 727 1559; x_wconf 75' lang='lat' dir='ltr'><strong>quopiamimpotentes</strong></span> <span class='ocrx_word' id='word_1_98' title='bbox 750 1478 868 1546; x_wconf 80' lang='lat' dir='ltr'><strong>redditi3</strong></span> <span class='ocrx_word' id='word_1_99' title='bbox 896 1479 940 1534; x_wconf 88' lang='lat' dir='ltr'><strong>vel</strong></span> <span class='ocrx_word' id='word_1_100' title='bbox 978 1496 1031 1534; x_wconf 91' lang='lat' dir='ltr'><strong>ono</strong></span> 
     </span>
     <span class='ocr_line' id='line_1_16' title="bbox 109 1545 593 1618; baseline 0.008 -22"><span class='ocrx_word' id='word_1_101' title='bbox 109 1546 254 1618; x_wconf 72' lang='lat' dir='ltr'><strong>singulari</strong></span> <span class='ocrx_word' id='word_1_102' title='bbox 269 1545 438 1617; x_wconf 80' lang='lat' dir='ltr'><strong>virginitatls</strong></span> <span class='ocrx_word' id='word_1_103' title='bbox 454 1546 593 1616; x_wconf 83' lang='lat' dir='ltr'><strong>praediti.)</strong></span> 
     </span>
     <span class='ocr_line' id='line_1_17' title="bbox 111 1662 1034 1749; baseline 0.003 -22"><span class='ocrx_word' id='word_1_104' title='bbox 111 1662 172 1727; x_wconf 86' lang='lat'><strong>48.</strong></span> <span class='ocrx_word' id='word_1_105' title='bbox 187 1665 275 1749; x_wconf 65' lang='lat' dir='ltr'><strong>Eupo</strong></span> <span class='ocrx_word' id='word_1_106' title='bbox 287 1667 380 1729; x_wconf 82' lang='lat' dir='ltr'><strong>etiam</strong></span> <span class='ocrx_word' id='word_1_107' title='bbox 390 1667 514 1749; x_wconf 76' lang='lat' dir='ltr'><strong>clericis,</strong></span> <span class='ocrx_word' id='word_1_108' title='bbox 528 1669 744 1741; x_wconf 79' lang='lat' dir='ltr'><strong>sacerdotibus,</strong></span> <span class='ocrx_word' id='word_1_109' title='bbox 754 1667 882 1749; x_wconf 82' lang='lat' dir='ltr'><strong>aliisque</strong></span> <span class='ocrx_word' id='word_1_110' title='bbox 894 1669 1034 1731; x_wconf 78' lang='lat' dir='ltr'><strong>ecclesiae</strong></span> 
     </span>
     <span class='ocr_line' id='line_1_18' title="bbox 139 1751 1011 1881; baseline 0.007 -73"><span class='ocrx_word' id='word_1_111' title='bbox 139 1752 289 1814; x_wconf 72' lang='lat' dir='ltr'><strong>ruististris</strong></span> <span class='ocrx_word' id='word_1_112' title='bbox 312 1751 430 1814; x_wconf 80' lang='lat' dir='ltr'><strong>licitum</strong></span> <span class='ocrx_word' id='word_1_113' title='bbox 452 1753 509 1813; x_wconf 80' lang='lat' dir='ltr'><strong>erit</strong></span> <span class='ocrx_word' id='word_1_114' title='bbox 529 1773 640 1881; x_wconf 62' lang='lat' dir='ltr'><strong>uuorep</strong></span> <span class='ocrx_word' id='word_1_115' title='bbox 658 1756 767 1815; x_wconf 79' lang='lat' dir='ltr'><strong>ducere</strong></span> <span class='ocrx_word' id='word_1_116' title='bbox 781 1764 809 1814; x_wconf 84' lang='lat' dir='ltr'><strong>et</strong></span> <span class='ocrx_word' id='word_1_117' title='bbox 822 1756 855 1814; x_wconf 81' lang='lat' dir='ltr'><strong>irs</strong></span> <span class='ocrx_word' id='word_1_118' title='bbox 871 1753 1011 1836; x_wconf 73' lang='lat' dir='ltr'><strong>coujupio</strong></span> 
     </span>
     <span class='ocr_line' id='line_1_19' title="bbox 399 1858 629 1909; baseline -0.013 -10"><span class='ocrx_word' id='word_1_119' title='bbox 399 1874 402 1885; x_wconf 94' lang='lat'><em>·</em></span> <span class='ocrx_word' id='word_1_120' title='bbox 517 1858 629 1909; x_wconf 76' lang='lat' dir='ltr'><strong>cruere.</strong></span> 
     </span>
    </p>

    <p class='ocr_par' dir='ltr' id='par_1_7' title="bbox 124 1917 1034 2083">
     <span class='ocr_line' id='line_1_20' title="bbox 206 1917 1034 2005; baseline 0 -22"><span class='ocrx_word' id='word_1_121' title='bbox 206 1917 350 1998; x_wconf 82' lang='lat' dir='ltr'><strong>Quidni?</strong></span> <span class='ocrx_word' id='word_1_122' title='bbox 366 1917 453 1998; x_wconf 85' lang='lat' dir='ltr'><strong>Quia</strong></span> <span class='ocrx_word' id='word_1_123' title='bbox 469 1921 496 1986; x_wconf 92' lang='lat'><strong>1.</strong></span> <span class='ocrx_word' id='word_1_124' title='bbox 512 1919 699 2005; x_wconf 87' lang='lat' dir='ltr'><strong>conjugium</strong></span> <span class='ocrx_word' id='word_1_125' title='bbox 708 1919 857 1982; x_wconf 90' lang='lat' dir='ltr'><strong>universo</strong></span> <span class='ocrx_word' id='word_1_126' title='bbox 869 1919 1034 1983; x_wconf 92' lang='lat' dir='ltr'><strong>hominum</strong></span> 
     </span>
     <span class='ocr_line' id='line_1_21' title="bbox 124 2003 971 2083; baseline 0 -17"><span class='ocrx_word' id='word_1_127' title='bbox 124 2004 230 2083; x_wconf 79' lang='lat' dir='ltr'><strong>generi</strong></span> <span class='ocrx_word' id='word_1_128' title='bbox 250 2027 270 2067; x_wconf 87' lang='lat' dir='ltr'><strong>a</strong></span> <span class='ocrx_word' id='word_1_129' title='bbox 290 2003 364 2068; x_wconf 94' lang='lat' dir='ltr'><strong>Deo</strong></span> <span class='ocrx_word' id='word_1_130' title='bbox 385 2003 565 2068; x_wconf 82' lang='lat' dir='ltr'><strong>institutum</strong></span> <span class='ocrx_word' id='word_1_131' title='bbox 586 2018 617 2068; x_wconf 88' lang='lat' dir='ltr'><strong>et</strong></span> <span class='ocrx_word' id='word_1_132' title='bbox 636 2004 892 2068; x_wconf 83' lang='lat' dir='ltr'><strong>commendatum</strong></span> <span class='ocrx_word' id='word_1_133' title='bbox 914 2015 971 2068; x_wconf 90' lang='lat' dir='ltr'><strong>est.</strong></span> 
     </span>
    </p>

    <p class='ocr_par' dir='ltr' id='par_1_8' title="bbox 205 2086 1033 2175">
     <span class='ocr_line' id='line_1_22' title="bbox 205 2086 1033 2175; baseline -0.001 -23"><span class='ocrx_word' id='word_1_134' title='bbox 205 2086 291 2169; x_wconf 85' lang='lat' dir='ltr'><strong>Quia</strong></span> <span class='ocrx_word' id='word_1_135' title='bbox 319 2090 348 2153; x_wconf 83' lang='grc'><strong>2.</strong></span> <span class='ocrx_word' id='word_1_136' title='bbox 371 2089 462 2153; x_wconf 90' lang='lat' dir='ltr'><strong>Deus</strong></span> <span class='ocrx_word' id='word_1_137' title='bbox 490 2089 578 2175; x_wconf 89' lang='lat' dir='ltr'><strong>ipsos</strong></span> <span class='ocrx_word' id='word_1_138' title='bbox 609 2089 705 2153; x_wconf 90' lang='lat' dir='ltr'><strong>etiam</strong></span> <span class='ocrx_word' id='word_1_139' title='bbox 733 2089 866 2152; x_wconf 90' lang='lat' dir='ltr'><strong>idoneos</strong></span> <span class='ocrx_word' id='word_1_140' title='bbox 894 2088 935 2152; x_wconf 87' lang='lat' dir='ltr'><strong>ad</strong></span> <span class='ocrx_word' id='word_1_141' title='bbox 955 2111 1033 2153; x_wconf 92' lang='lat' dir='ltr'><strong>con-</strong></span> 
     </span>
    </p>

    <p class='ocr_par' dir='ltr' id='par_1_9' title="bbox 128 2166 1034 3015">
     <span class='ocr_line' id='line_1_23' title="bbox 128 2166 938 2260; baseline 0.001 -22"><span class='ocrx_word' id='word_1_142' title='bbox 128 2166 242 2256; x_wconf 76' lang='lat' dir='ltr'><strong>jugium</strong></span> <span class='ocrx_word' id='word_1_143' title='bbox 263 2184 295 2237; x_wconf 95' lang='lat' dir='ltr'><strong>et</strong></span> <span class='ocrx_word' id='word_1_144' title='bbox 316 2173 492 2238; x_wconf 89' lang='lat' dir='ltr'><strong>liberorum</strong></span> <span class='ocrx_word' id='word_1_145' title='bbox 511 2175 763 2260; x_wconf 85' lang='lat' dir='ltr'><strong>procreationem</strong></span> <span class='ocrx_word' id='word_1_146' title='bbox 788 2173 938 2239; x_wconf 87' lang='lat' dir='ltr'><strong>condidit.</strong></span> 
     </span>
     <span class='ocr_line' id='line_1_24' title="bbox 207 2256 1034 2359; baseline -0.001 -36"><span class='ocrx_word' id='word_1_147' title='bbox 207 2257 292 2339; x_wconf 83' lang='lat' dir='ltr'><strong>Quia</strong></span> <span class='ocrx_word' id='word_1_148' title='bbox 313 2260 343 2324; x_wconf 85' lang='lat'><strong>3.</strong></span> <span class='ocrx_word' id='word_1_149' title='bbox 357 2256 575 2336; x_wconf 87' lang='lat' dir='ltr'><strong>Patriarohae,</strong></span> <span class='ocrx_word' id='word_1_150' title='bbox 592 2259 778 2359; x_wconf 86' lang='lat' dir='ltr'><strong>prophetae,</strong></span> <span class='ocrx_word' id='word_1_151' title='bbox 801 2260 981 2323; x_wconf 85' lang='lat' dir='ltr'><strong>sacerdotes</strong></span> <span class='ocrx_word' id='word_1_152' title='bbox 1001 2270 1034 2324; x_wconf 87' lang='lat' dir='ltr'><strong>et</strong></span> 
     </span>
     <span class='ocr_line' id='line_1_25' title="bbox 136 2333 1033 2432; baseline 0.004 -27"><span class='ocrx_word' id='word_1_153' title='bbox 136 2333 252 2432; x_wconf 61' lang='lat' dir='ltr'><strong>davitae</strong></span> <span class='ocrx_word' id='word_1_154' title='bbox 273 2343 308 2406; x_wconf 91' lang='lat' dir='ltr'><strong>in</strong></span> <span class='ocrx_word' id='word_1_155' title='bbox 330 2344 444 2421; x_wconf 84' lang='lat' dir='ltr'><strong>veteri,</strong></span> <span class='ocrx_word' id='word_1_156' title='bbox 465 2344 602 2428; x_wconf 78' lang='lat' dir='ltr'><strong>apostoli</strong></span> <span class='ocrx_word' id='word_1_157' title='bbox 623 2343 709 2408; x_wconf 90' lang='lat' dir='ltr'><strong>idem</strong></span> <span class='ocrx_word' id='word_1_158' title='bbox 731 2355 762 2408; x_wconf 88' lang='lat' dir='ltr'><strong>et</strong></span> <span class='ocrx_word' id='word_1_159' title='bbox 784 2344 950 2429; x_wconf 86' lang='lat' dir='ltr'><strong>apostolici</strong></span> <span class='ocrx_word' id='word_1_160' title='bbox 971 2344 1033 2409; x_wconf 88' lang='lat' dir='ltr'><strong>viri</strong></span> 
     </span>
     <span class='ocr_line' id='line_1_26' title="bbox 138 2425 1033 2515; baseline 0.004 -26"><span class='ocrx_word' id='word_1_161' title='bbox 138 2441 166 2484; x_wconf 85' lang='lat'><strong>111</strong></span> <span class='ocrx_word' id='word_1_162' title='bbox 179 2425 252 2496; x_wconf 88' lang='lat' dir='ltr'><strong>Nov.</strong></span> <span class='ocrx_word' id='word_1_163' title='bbox 275 2429 416 2492; x_wconf 79' lang='lat' dir='ltr'><strong>Testem.</strong></span> <span class='ocrx_word' id='word_1_164' title='bbox 446 2439 477 2492; x_wconf 91' lang='lat' dir='ltr'><strong>et</strong></span> <span class='ocrx_word' id='word_1_165' title='bbox 499 2429 591 2492; x_wconf 91' lang='lat' dir='ltr'><strong>multi</strong></span> <span class='ocrx_word' id='word_1_166' title='bbox 613 2429 698 2493; x_wconf 91' lang='lat' dir='ltr'><strong>beati</strong></span> <span class='ocrx_word' id='word_1_167' title='bbox 720 2438 827 2515; x_wconf 90' lang='lat' dir='ltr'><strong>patres</strong></span> <span class='ocrx_word' id='word_1_168' title='bbox 852 2429 1033 2515; x_wconf 87' lang='lat' dir='ltr'><strong>primitivae</strong></span> 
     </span>
     <span class='ocr_line' id='line_1_27' title="bbox 140 2510 1033 2598; baseline 0.006 -25"><span class='ocrx_word' id='word_1_169' title='bbox 140 2510 272 2578; x_wconf 67' lang='lat' dir='ltr'><strong>aduae</strong></span> <span class='ocrx_word' id='word_1_170' title='bbox 291 2513 437 2598; x_wconf 86' lang='lat' dir='ltr'><strong>legitimo</strong></span> <span class='ocrx_word' id='word_1_171' title='bbox 459 2513 493 2577; x_wconf 89' lang='lat' dir='ltr'><strong>in</strong></span> <span class='ocrx_word' id='word_1_172' title='bbox 513 2513 714 2578; x_wconf 89' lang='lat' dir='ltr'><strong>matrimonio</strong></span> <span class='ocrx_word' id='word_1_173' title='bbox 737 2513 884 2578; x_wconf 84' lang='lat' dir='ltr'><strong>vixerunt</strong></span> <span class='ocrx_word' id='word_1_174' title='bbox 906 2526 937 2578; x_wconf 89' lang='lat' dir='ltr'><strong>et</strong></span> <span class='ocrx_word' id='word_1_175' title='bbox 951 2514 1033 2578; x_wconf 91' lang='lat' dir='ltr'><strong>libe-</strong></span> 
     </span>
     <span class='ocr_line' id='line_1_28' title="bbox 141 2608 373 2683; baseline -0.009 -20"><span class='ocrx_word' id='word_1_176' title='bbox 141 2610 182 2655; x_wconf 67' lang='lat'><strong>108</strong></span> <span class='ocrx_word' id='word_1_177' title='bbox 197 2608 373 2683; x_wconf 79' lang='lat' dir='ltr'><strong>genuerumt</strong></span> 
     </span>
     <span class='ocr_line' id='line_1_29' title="bbox 142 2681 1032 2783; baseline -0.001 -36"><span class='ocrx_word' id='word_1_178' title='bbox 142 2754 176 2775; x_wconf 35' lang='grc' dir='ltr'>Μ</span> <span class='ocrx_word' id='word_1_179' title='bbox 208 2681 292 2763; x_wconf 82' lang='lat' dir='ltr'><strong>Quia</strong></span> <span class='ocrx_word' id='word_1_180' title='bbox 313 2685 344 2749; x_wconf 92' lang='lat'><strong>4.</strong></span> <span class='ocrx_word' id='word_1_181' title='bbox 365 2683 400 2746; x_wconf 94' lang='lat' dir='ltr'><strong>id</strong></span> <span class='ocrx_word' id='word_1_182' title='bbox 418 2682 525 2768; x_wconf 93' lang='lat' dir='ltr'><strong>ipsum</strong></span> <span class='ocrx_word' id='word_1_183' title='bbox 543 2683 629 2747; x_wconf 89' lang='lat' dir='ltr'><strong>fideli</strong></span> <span class='ocrx_word' id='word_1_184' title='bbox 651 2683 802 2783; x_wconf 89' lang='lat' dir='ltr'><strong>episcopo</strong></span> <span class='ocrx_word' id='word_1_185' title='bbox 822 2683 863 2746; x_wconf 90' lang='lat' dir='ltr'><strong>ab</strong></span> <span class='ocrx_word' id='word_1_186' title='bbox 885 2683 1032 2768; x_wconf 86' lang='lat' dir='ltr'><strong>apostolo</strong></span> 
     </span>
     <span class='ocr_line' id='line_1_30' title="bbox 142 2767 1033 2852; baseline 0.001 -22"><span class='ocrx_word' id='word_1_187' title='bbox 142 2776 305 2846; x_wconf 75' lang='lat' dir='ltr'><strong>anmctum,</strong></span> <span class='ocrx_word' id='word_1_188' title='bbox 327 2777 363 2832; x_wconf 90' lang='lat' dir='ltr'><strong>ut</strong></span> <span class='ocrx_word' id='word_1_189' title='bbox 385 2767 426 2831; x_wconf 87' lang='lat' dir='ltr'><strong>sit</strong></span> <span class='ocrx_word' id='word_1_190' title='bbox 446 2769 541 2832; x_wconf 88' lang='lat' dir='ltr'><strong>unius</strong></span> <span class='ocrx_word' id='word_1_191' title='bbox 562 2768 672 2833; x_wconf 87' lang='lat' dir='ltr'><strong>uxoris</strong></span> <span class='ocrx_word' id='word_1_192' title='bbox 690 2779 832 2844; x_wconf 83' lang='lat' dir='ltr'><strong>mantus,</strong></span> <span class='ocrx_word' id='word_1_193' title='bbox 853 2768 908 2852; x_wconf 94' lang='lat' dir='ltr'><strong>qui</strong></span> <span class='ocrx_word' id='word_1_194' title='bbox 922 2767 1033 2831; x_wconf 91' lang='lat' dir='ltr'><strong>domui</strong></span> 
     </span>
     <span class='ocr_line' id='line_1_31' title="bbox 143 2838 1033 2941; baseline 0.002 -27"><span class='ocrx_word' id='word_1_195' title='bbox 143 2838 205 2914; x_wconf 69' lang='lat' dir='ltr'><strong>hene</strong></span> <span class='ocrx_word' id='word_1_196' title='bbox 223 2853 360 2941; x_wconf 84' lang='lat' dir='ltr'><strong>praesit,</strong></span> <span class='ocrx_word' id='word_1_197' title='bbox 388 2852 507 2918; x_wconf 88' lang='lat' dir='ltr'><strong>liberos</strong></span> <span class='ocrx_word' id='word_1_198' title='bbox 536 2852 653 2918; x_wconf 87' lang='lat' dir='ltr'><strong>habeat</strong></span> <span class='ocrx_word' id='word_1_199' title='bbox 679 2853 788 2917; x_wconf 89' lang='lat' dir='ltr'><strong>fideles</strong></span> <span class='ocrx_word' id='word_1_200' title='bbox 814 2864 845 2917; x_wconf 88' lang='lat' dir='ltr'><strong>et</strong></span> <span class='ocrx_word' id='word_1_201' title='bbox 871 2854 1033 2930; x_wconf 84' lang='lat' dir='ltr'><strong>honestos,</strong></span> 
     </span>
     <span class='ocr_line' id='line_1_32' title="bbox 145 2925 652 3015; baseline 0.012 -20"><span class='ocrx_word' id='word_1_202' title='bbox 145 2925 166 2992; x_wconf 86' lang='lat' dir='ltr'><strong>l.</strong></span> <span class='ocrx_word' id='word_1_203' title='bbox 185 2934 252 3005; x_wconf 83' lang='lat' dir='ltr'><strong>Tim.</strong></span> <span class='ocrx_word' id='word_1_204' title='bbox 274 2940 305 3015; x_wconf 86' lang='lat'><strong>3,</strong></span> <span class='ocrx_word' id='word_1_205' title='bbox 327 2938 357 3003; x_wconf 80' lang='lat'><strong>2.</strong></span> <span class='ocrx_word' id='word_1_206' title='bbox 380 2939 410 3004; x_wconf 89' lang='grc'><strong>4.</strong></span> <span class='ocrx_word' id='word_1_207' title='bbox 433 2949 465 3003; x_wconf 86' lang='lat' dir='ltr'><strong>et</strong></span> <span class='ocrx_word' id='word_1_208' title='bbox 488 2940 546 3002; x_wconf 83' lang='lat' dir='ltr'><strong>Tit.</strong></span> <span class='ocrx_word' id='word_1_209' title='bbox 571 2942 601 3015; x_wconf 89' lang='lat'><strong>1,</strong></span> <span class='ocrx_word' id='word_1_210' title='bbox 623 2938 652 3013; x_wconf 80' lang='grc'><strong>6.</strong></span> 
     </span>
    </p>

    <p class='ocr_par' dir='ltr' id='par_1_10' title="bbox 143 3021 1033 3184">
     <span class='ocr_line' id='line_1_33' title="bbox 207 3021 1033 3107; baseline -0.001 -20"><span class='ocrx_word' id='word_1_211' title='bbox 207 3021 290 3102; x_wconf 87' lang='lat' dir='ltr'><strong>Quia</strong></span> <span class='ocrx_word' id='word_1_212' title='bbox 300 3021 439 3107; x_wconf 88' lang='lat' dir='ltr'><strong>denique</strong></span> <span class='ocrx_word' id='word_1_213' title='bbox 455 3023 484 3089; x_wconf 87' lang='lat'><strong>5.</strong></span> <span class='ocrx_word' id='word_1_214' title='bbox 502 3022 555 3086; x_wconf 88' lang='lat' dir='ltr'><strong>lex</strong></span> <span class='ocrx_word' id='word_1_215' title='bbox 565 3022 742 3087; x_wconf 87' lang='lat' dir='ltr'><strong>coelibatus</strong></span> <span class='ocrx_word' id='word_1_216' title='bbox 756 3022 873 3085; x_wconf 88' lang='lat' dir='ltr'><strong>diserte</strong></span> <span class='ocrx_word' id='word_1_217' title='bbox 888 3021 1033 3086; x_wconf 92' lang='lat' dir='ltr'><strong>doctrina</strong></span> 
     </span>
     <span class='ocr_line' id='line_1_34' title="bbox 143 3091 934 3184; baseline 0.008 -17"><span class='ocrx_word' id='word_1_218' title='bbox 143 3091 360 3173; x_wconf 75' lang='lat' dir='ltr'><strong>daemoniorum</strong></span> <span class='ocrx_word' id='word_1_219' title='bbox 380 3107 577 3184; x_wconf 88' lang='lat' dir='ltr'><strong>nominatur,</strong></span> <span class='ocrx_word' id='word_1_220' title='bbox 601 3109 628 3174; x_wconf 89' lang='lat'><strong>1.</strong></span> <span class='ocrx_word' id='word_1_221' title='bbox 654 3109 730 3173; x_wconf 81' lang='lat' dir='ltr'><strong>Tim.</strong></span> <span class='ocrx_word' id='word_1_222' title='bbox 752 3107 783 3182; x_wconf 88' lang='lat'><strong>4,</strong></span> <span class='ocrx_word' id='word_1_223' title='bbox 808 3109 834 3170; x_wconf 88' lang='lat'><strong>1.</strong></span> <span class='ocrx_word' id='word_1_224' title='bbox 856 3108 885 3172; x_wconf 78' lang='lat'><strong>2.</strong></span> <span class='ocrx_word' id='word_1_225' title='bbox 905 3108 934 3173; x_wconf 82' lang='lat'><strong>3.</strong></span> 
     </span>
    </p>
   </div>
   <div class='ocr_carea' id='block_1_5' title="bbox 198 3220 1032 3296">
    <p class='ocr_par' dir='ltr' id='par_1_11' title="bbox 198 3220 1032 3296">
     <span class='ocr_line' id='line_1_35' title="bbox 198 3220 1032 3296; baseline -0.005 -17"><span class='ocrx_word' id='word_1_226' title='bbox 198 3220 281 3286; x_wconf 82' lang='lat' dir='ltr'><strong>(Ratio</strong></span> <span class='ocrx_word' id='word_1_227' title='bbox 303 3232 326 3283; x_wconf 89' lang='lat'><strong>1.</strong></span> <span class='ocrx_word' id='word_1_228' title='bbox 339 3225 494 3282; x_wconf 83' lang='lat' dir='ltr'><strong>desumitur</strong></span> <span class='ocrx_word' id='word_1_229' title='bbox 505 3242 523 3279; x_wconf 85' lang='lat' dir='ltr'><strong>a</strong></span> <span class='ocrx_word' id='word_1_230' title='bbox 540 3224 664 3296; x_wconf 82' lang='lat' dir='ltr'><strong>generali</strong></span> <span class='ocrx_word' id='word_1_231' title='bbox 682 3221 793 3293; x_wconf 87' lang='lat' dir='ltr'><strong>objecto</strong></span> <span class='ocrx_word' id='word_1_232' title='bbox 812 3221 947 3294; x_wconf 81' lang='lat' dir='ltr'><strong>conjugii,</strong></span> <span class='ocrx_word' id='word_1_233' title='bbox 966 3221 1032 3275; x_wconf 81' lang='lat' dir='ltr'><strong>vide</strong></span> 
     </span>
    </p>
   </div>
   <div class='ocr_carea' id='block_1_6' title="bbox 143 3288 1108 3385">
    <p class='ocr_par' dir='ltr' id='par_1_12' title="bbox 143 3288 1108 3385">
     <span class='ocr_line' id='line_1_36' title="bbox 143 3288 1108 3385; baseline -0.006 -35"><span class='ocrx_word' id='word_1_234' title='bbox 143 3295 230 3385; x_wconf 57' lang='lat' dir='ltr'><strong>illest</strong></span> <span class='ocrx_word' id='word_1_235' title='bbox 250 3294 374 3364; x_wconf 87' lang='lat' dir='ltr'><strong>proxime</strong></span> <span class='ocrx_word' id='word_1_236' title='bbox 395 3296 618 3365; x_wconf 82' lang='lat' dir='ltr'><strong>praecedentem.</strong></span> <span class='ocrx_word' id='word_1_237' title='bbox 657 3299 682 3349; x_wconf 81' lang='lat'><strong>2.</strong></span> <span class='ocrx_word' id='word_1_238' title='bbox 700 3292 747 3347; x_wconf 91' lang='lat' dir='ltr'><strong>Ab</strong></span> <span class='ocrx_word' id='word_1_239' title='bbox 771 3293 906 3362; x_wconf 86' lang='lat' dir='ltr'><strong>adjuncta</strong></span> <span class='ocrx_word' id='word_1_240' title='bbox 922 3288 1032 3362; x_wconf 78' lang='lat' dir='ltr'><strong>qualifi·</strong></span> <span class='ocrx_word' id='word_1_241' title='bbox 1101 3314 1108 3325; x_wconf 36' lang='lat' dir='ltr'><strong>a</strong></span> 
     </span>
    </p>
   </div>
   <div class='ocr_carea' id='block_1_7' title="bbox 0 0 1134 3772">
    <p class='ocr_par' dir='ltr' id='par_1_13' title="bbox 0 0 1134 3772">
     <span class='ocr_line' id='line_1_37' title="bbox 0 0 1134 3772; baseline 0 0"><span class='ocrx_word' id='word_1_242' title='bbox 0 0 1134 3772; x_wconf 95' lang='lat' dir='ltr'><strong> </strong></span> 
     </span>
    </p>
   </div>
  </div>
 </body>
</html>
