2250 3772
106 251 173 316 474
243 248 350 337 Caput
370 251 431 318 ΠΙ.
476 250 529 315 De
551 251 693 315 oratione
716 249 886 316 dominica

105 417 233 499 naturale
239 438 254 500 3¹
267 418 343 472 aliud
361 412 511 501 privatam,
527 418 604 472 aliud
621 417 786 499 publicum
803 418 890 499 ‘aliud
906 416 999 497 arbitra·

107 505 194 570 rrum,
219 488 296 569 ahur}
313 494 451 570 votrvnm3
475 488 558 568 ahud·
572 488 752 568 ordinarium,
763 488 851 568 ‚oliuo
869 485 996 572 extracti!-

105 556 333 694 rtraalppprfibrzlrrpp
351 557 503 628 pohtrcum,
523 557 600 611 ahud
618 556 838 611 ecclesiasticum
849 563 900 614 etc.
917 556 997 613 cmm

131 762 201 828 131.
248 763 391 827 Licitaae
411 763 588 847 hujusmodi
598 763 723 846 jejunia
745 775 773 826 et
797 762 983 829 celebranda?
1034 744 1036 749 Ι

112 914 115 919 -
193 880 299 944 Licita
321 891 353 944 et
381 880 572 943 celebranda
594 881 744 966 omnino3
777 882 806 945 si
831 881 908 946 fiant
928 883 994 966 juxa

109 963 294 1050 Scriptprae
315 965 546 1052 praescriptum
565 967 604 1064 ¹1.
626 965 737 1051 libere,
759 967 789 1035 2.
812 967 931 1052 absque
947 965 993 1031 ulia

108 1049 211 1113 cultus
234 1062 266 1114 et
287 1049 392 1114 meriti
414 1073 451 1114 su
475 1050 654 1130 erstitrone,
683 1052 712 1119 3.
734 1052 809 1138 piae
831 1052 938 1117 saltem
954 1052 992 1115 do-

106 1134 244 1205 votionis
268 1075 509 1201 exsuscitaniae
531 1134 602 1199 fine.

397 1290 470 1353 132.
518 1288 624 1366 Quare
644 1287 726 1352 hoc?

193 1405 281 1487 Quia
317 1408 345 1476 1.
378 1409 491 1472 eadem
529 1405 706 1492 generatim
742 1407 838 1472 nobis
868 1409 902 1473 in
930 1404 992 1477 Scri·

106 1500 419 1655 {iugrupqraebcepta
449 1494 530 1558 Joet.
559 1502 598 1569 ·1,
629 1493 689 1569 143
721 1494 838 1558 Mara.
868 1496 923 1573 17,
948 1494 991 1567 213

180 1694 261 1759 (Dico
278 1696 440 1763 generatim.
482 1693 596 1763 Jejunia
621 1694 693 1748 enim
720 1698 778 1748 tam
801 1695 914 1764 publica
932 1710 991 1766 qum

110 1763 221 1832 privata
237 1764 390 1834 generatim
428 1763 521 1817 uidem
548 1763 578 1816 in
598 1763 683 1817 verbo
700 1762 755 1817 Dei
772 1764 991 1834 nobispmsospa

108 1838 187 1887 certa
206 1850 271 1889 vero
289 1782 439 1904 jejunanhi
465 1838 598 1900 tempora,
622 1831 690 1886 certi
712 1833 788 1887 modi
813 1839 842 1888 et
863 1833 929 1889 ritus
944 1828 992 1889 certi

108 1900 138 1956 in
158 1903 192 1958 N.
212 1886 244 1957 Τ.
264 1904 392 1973 nuspiam
410 1900 489 1956 nobis
507 1902 660 1970 imperata.)
979 1924 983 1933 ·

196 2037 282 2118 Quia
297 2041 325 2106 2.
342 2040 422 2105 ratio
439 2038 547 2121 aliqua
561 2038 735 2101 eorundem
750 2040 845 2104 nobis
860 2064 879 2105 a
893 2038 991 2106 Christo

106 2124 313 2210 praescripta,
335 2126 449 2188 Marta.
474 2126 505 2200 6,
526 2126 554 2188 7.

178 2239 246 2305 (Ubi
272 2241 472 2311 hypocriticam
496 2245 524 2295 at
556 2240 740 2309 pharisaicam
761 2241 909 2310 jejunandi
933 2236 992 2293 rafle-

107 2325 188 2431 pioem,
210 2325 285 2443 ppos
308 2317 367 2365 tota
391 2312 428 2365 ad
451 2309 663 2364 ostentationem
689 2309 850 2379 composita,
877 2308 993 2380 rejicitet

128 2393 210 2431 amna
225 2425 228 2430 .

192 2512 280 2594 Quia
293 2514 322 2577 3,
338 2535 357 2575 a
373 2510 500 2576 Christo
517 2511 594 2596 ipso·
606 2513 737 2593 (Motth.
749 2514 781 2589 4,
792 2512 838 2599 2),
853 2514 920 2578 aliis
938 2512 995 2577 itsm'

107 2598 236 2676 sanctis,
257 2621 316 2684 pro
338 2620 444 2660 rerum
465 2610 496 2659 et
517 2608 696 2681 temporum
718 2609 813 2676 statu,
843 2601 994 2668 obserata

109 2697 141 2748 et
160 2685 210 2747 vel
231 2683 378 2769 privatim
399 2707 418 2746 a
439 2683 632 2766 quibusdam
652 2696 800 2768 suscepta
820 2686 871 2749 vel
892 2681 995 2773 pubhco

111 2769 145 2833 in
167 2769 302 2833 ecclesia
323 2768 441 2831 indicta
462 2779 493 2829 et
518 2766 685 2833 celebrata

176 2887 193 2950 (
195 2886 328 2951 Privata,
353 2884 477 2952 exemplo
497 2883 624 2951 Davidis,
649 2887 675 2937 2.
697 2884 822 2943 Samuel.
843 2892 867 2954 1,
884 2889 925 2941 12.
943 2888 994 2938 ae.

107 2957 209 3021 1216,
227 2953 361 3020 Danielis,
383 2956 459 3005 Dan.
481 2956 522 3014 10,
542 2955 570 3020 3,
588 2953 746 3019 Nehemiae,
766 2956 837 3008 Nch.
857 2960 881 3024 1,
899 2960 921 3017 4,
937 2952 994 3006 rm

107 3038 169 3088 nae,
202 3026 266 3087 hnc.
285 3026 313 3089 2,
341 3024 386 3088 37,
416 3020 505 3089 Pauli,
538 3024 564 3075 2.
593 3021 718 3076 Corinth.
746 3026 786 3087 11,
808 3026 851 3078 27.
889 3021 995 3095 Publica,

107 3090 232 3158 exemplo
251 3089 448 3151 Israe'litarum,
467 3094 491 3142 1.
512 3090 587 3143 Sam.
610 3094 632 3157 7,
652 3093 685 3157 6;
704 3092 780 3146 Joet.
800 3095 827 3158 2,
846 3096 890 3161 12,
907 3090 996 3147 Ninon·

104 3164 204 3222 tarum,
224 3160 292 3212 Joa.
312 3163 339 3223 3,
359 3165 385 3227 ὁ,
403 3158 546 3228 Josaphat,
567 3161 593 3210 2.
606 3161 676 3212 Par.
697 3163 743 3228 20,
762 3164 789 3224 3,
808 3161 916 3228 Esther,
932 3152 993 3212 aaa.

107 3230 132 3288 4,
155 3229 204 3292 16,
223 3227 473 3295 Antiochenorum,
490 3228 553 3283 Act.
574 3230 622 3295 13,
640 3230 673 3297 3,
698 3227 892 3299 Lystrensium
910 3233 936 3284 et
950 3224 995 3279 la

103 3293 221 3360 nicrum,
240 3297 304 3351 Act.
322 3300 363 3360 14,
382 3298 447 3366 23.)
