2250 3772
108 232 174 303 512
331 230 438 318 caput
458 233 517 299 IV.
560 232 615 299 De
636 232 807 319 baptismo.

108 404 188 468 ralis
209 425 284 467 vero
304 402 422 487 integri
445 403 635 469 sacramenti
655 402 808 489 baptismi
832 396 988 487 nigritudo

109 499 257 576 respectu
277 487 349 551 finis
370 499 402 551 et
424 487 565 575 effeetus,
586 498 623 552 ut
646 486 834 575 Scripturas
854 494 989 551 eonsenti-

110 597 182 651 nea‚
202 573 386 639 admittitur.

1 863 2 874 χ
109 789 162 853 26.
209 786 293 866 Quid
314 810 385 872 erqo
408 790 440 851 ιἰι
459 810 569 873 perere
593 790 748 887 siquifioot
775 791 837 850 ista
857 788 889 849 in
908 806 994 869 oporto

474 875 631 935 immersio
643 871 657 934 i

195 989 378 1076 Significat,
400 990 488 1074 quod
508 1000 598 1055 vetus
620 989 743 1066 Adam,
775 985 833 1073 qui
857 983 995 1053 edhuoin

108 1076 204 1143 nobis
225 1087 289 1153 est,
319 1075 455 1140 subinde
483 1099 541 1161 per
563 1073 785 1161 quotidianam
805 1071 996 1139 mortificatio·

108 1185 184 1227 nem
212 1182 250 1225 ao
278 1160 507 1246 poenitentiam
530 1160 564 1224 in
592 1160 686 1223 nobis
714 1158 833 1223 debeat
860 1154 996 1255 submergi

107 1258 142 1313 et
162 1245 333 1331 exstingui,
354 1270 419 1310 una
440 1269 513 1310 eum
535 1245 683 1310 omnibus
710 1244 852 1330 peooatis
880 1256 910 1309 et
927 1242 996 1307 mu·

109 1330 393 1416 concupiscentiis,
422 1344 517 1415 atque
544 1353 653 1395 rursus
684 1328 830 1429 quotidie
861 1347 996 1415 emergere

108 1439 148 1481 ao
173 1437 340 1501 resurgere
361 1439 463 1480 novus
485 1417 595 1501 homo,
618 1414 673 1500 qui
695 1438 730 1478 m
746 1414 876 1498 justitia
894 1425 925 1479 et
942 1435 996 1479 sm·

106 1501 216 1567 etitete
238 1522 346 1564 eoram
368 1502 441 1566 Deo
462 1502 540 1566 vivit
564 1500 598 1564 in
620 1511 796 1565 aeternum.

176 1723 229 1788 27.
278 1721 358 1802 Quid
378 1722 521 1805 intediyir
537 1746 600 1806 per
620 1734 749 1786 veterem
771 1718 949 1785 Ademtum?

195 1840 320 1908 Omnes
342 1839 615 1927 concupiscentias
629 1862 744 1926 pravas
760 1849 793 1903 et
806 1849 942 1925 peoeete,
1027 1854 1031 1863 '

105 1930 233 2015 lapsum
255 1924 375 1989 Adomi
405 1926 439 1987 in
466 1949 525 1990 nos
555 1925 697 1990 derivata
724 1946 762 1989 ae
789 1948 809 1988 ιι
836 1919 953 2010 parenti
969 1939 996 1983 ιιι

105 2014 200 2079 nobis
220 2011 372 2098 ingenita.

144 2223 195 2287 28.
242 2220 400 2299 Quomodo
422 2231 505 2284 vetus
525 2220 574 2283 ide
595 2221 737 2285 Adamas
760 2222 794 2284 ιἰι
815 2224 903 2287 nobis
920 2220 975 2285 mir

480 2305 650 2389 rumpitur?

193 2424 259 2489 Per
291 2424 509 2507 quotidianam
537 2422 816 2487 mortificationem
852 2436 884 2491 et
908 2418 995 2511 poeni·

106 2510 254 2586 tentiam,
288 2509 417 2593 quando
452 2509 720 2593 concupisoentiis
754 2510 865 2595 pravis
900 2504 995 2575 resisti·

107 2618 189 2673 mus,
211 2595 339 2658 easdem
361 2593 597 2680 supprimimus,
620 2615 680 2656 neo
705 2593 739 2657 in
760 2610 893 2681 peecata
910 2604 995 2659 acue

105 2682 150 2745 lia
172 2702 337 2764 erumpere
357 2679 578 2765 permittimus.

184 2893 234 2957 29.
282 2890 365 2969 Quid
385 2892 528 2976 iutelliyio
544 2916 604 2978 per·
627 2916 739 2956 novum
760 2891 934 2957 hominem?

191 3011 366 3075 Hominem
387 3034 406 3073 s
428 3009 552 3096 Spiritu
574 3023 683 3075 saneto
705 3022 934 3096 regeneratum,
951 3000 993 3089 qui

104 3096 140 3159 in
156 3096 282 3179 justitia
304 3107 334 3159 et
356 3096 510 3182 puritate,
536 3097 598 3160 hoo
618 3108 683 3174 est,
702 3119 779 3160 vera
797 3096 876 3174 fide,
895 3106 926 3160 et
941 3110 993 3155 mo-

103 3203 176 3243 rum
194 3181 411 3280 sanctimonia,
434 3182 556 3266 absque
576 3181 740 3268 hypocrisi
760 3204 871 3248 eorem
889 3174 994 3247 Deoin

102 3279 269 3329 ueternum
291 3281 375 3333 vrvrt.
