2250 3772
121 211 186 281 382
252 207 358 299 Caput
379 208 422 274 IL
465 209 518 275 Dc
539 209 686 294 symbolo
708 172 895 295 apostolico.

123 379 248 449 manica,
273 381 434 433 annotatt
458 394 510 447 per
533 376 637 431 Antoni
653 375 865 448 Roburger,·in
881 375 943 449 quii

72 457 75 463 '
125 448 175 505 ras
186 445 226 523 μὴ
239 465 296 502 non
309 446 370 514 nisi,
385 444 451 499 Gal.
464 448 492 512 2,
504 448 548 513 16,
566 445 706 500 redditum
720 463 786 510 aar,
803 462 877 517 quae
894 462 943 501 vox

124 523 205 573 sonat
222 516 297 587 quod
314 514 405 570 alleiu.
438 520 462 568 5;
480 512 566 568 Edita
582 521 648 569 suut
660 514 786 570 venetiis
802 513 909 569 biblica
924 513 943 568 Ii

124 586 272 710 Ὴὲἱὴιιε
292 583 388 638 eadem
408 581 495 704 miid
515 582 621 651 Gaza,
635 586 678 636 16.
696 582 826 665 redditor
842 598 890 639 ma
906 583 943 639 soi

123 671 243 779 orsaor‘f’
253 652 447 776 eii‘msiiiii'n
464 652 729 792 megistidffiiii'
743 653 859 777 siddim
880 668 943 777 'di

125 799 153 847 et
174 790 285 849 Samuel
303 788 502 845 Weissenborn
522 788 673 860 evulgavit,
690 789 720 843 in
738 804 795 860 qua
811 805 943 860 peraque

123 861 200 927 loca,
221 859 251 912 in
269 858 370 929 quibus
388 863 431 912 est
448 859 478 912 τὸ
500 855 550 911 ἐὰν
566 863 619 929 μὴ,
639 857 692 915 uisi
724 856 854 912 redditur
936 879 943 912 s

124 928 220 983 Maro.
237 929 281 991 13,
296 930 341 981 32.
360 926 395 981 ds
414 926 459 981 die
475 925 523 979 illo
542 933 592 982 etc.
623 925 685 982 Nisi
699 898 794 995 i’ateq
814 943 869 983 son
889 944 939 982 eru

124 996 281 1053 derVater.
309 995 398 1064 Apoc.
412 999 456 1075 21,
475 1013 501 1049 v.
520 996 570 1053 ult.
590 994 644 1048 nisi
678 994 816 1075 uiscripti
834 994 943 1051 suntin

125 1064 205 1138 agni:
228 1063 348 1118 scudem
367 1063 451 1117 allorn
474 1063 518 1118 die
542 1080 608 1135 gese
643 1064 668 1117 ‘e
689 1079 724 1118 cn
747 1081 808 1119 sem
830 1064 870 1117 im
890 1064 943 1119 an

124 1135 261 1189 Lammes.
293 1132 369 1189 Num
381 1148 447 1202 ergo
460 1138 488 1187 ct
503 1132 541 1202 hi,
560 1132 652 1196 dicite,
669 1132 791 1187 criminis
803 1131 871 1187 falsi
881 1133 943 1189 reis

124 1205 237 1282 Errant
254 1200 340 1282 igitur
352 1202 505 1280 pontificii,
533 1200 581 1282 qui
599 1217 656 1254 non
674 1200 820 1282 iidesola,
839 1202 891 1256 sed
908 1207 937 1258 et

123 1269 943 1409 itttbeofflraeeettttt’sititet

124 1409 237 1464 micant.
276 1407 416 1460 Bellorm.
434 1359 553 1488 adegi.
575 1413 596 1462 1.
619 1412 703 1462 o.13.
727 1406 779 1461 col.
802 1413 854 1463 846
872 1425 940 1481 seqq

124 1476 173 1549 qui
190 1475 304 1530 libertas
322 1475 429 1529 arbitrii
445 1484 532 1530 nostri
549 1491 646 1530 aversa
662 1480 704 1530 est
716 1493 734 1530 a
745 1475 807 1530 Deo
818 1493 871 1546 per
880 1494 943 1548 poce

99 1544 173 1628 xqui
196 1560 263 1614 ergo
281 1543 467 1614 justificaret?
497 1544 566 1615 Spes
589 1551 618 1600 et
639 1543 749 1599 dilectio
775 1543 944 1600 effectumfi

120 1610 332 1684 justificationis
346 1618 426 1674 sunt,
450 1613 588 1683 quomodo
607 1630 673 1685 ergo
691 1630 804 1667 causam
823 1632 904 1669 suam
921 1615 943 1684 (j

125 1682 272 1748 ostionem)
290 1682 514 1735 anteverterent?
531 1681 682 1737 inhaerens
697 1682 807 1752 justitia
818 1690 862 1738 est
872 1683 943 1753 impe

123 1756 237 1823 propter
258 1749 424 1833 multiplices
448 1750 637 1818 infirmitates,
664 1752 744 1805 Rom.
762 1754 786 1816 8,
802 1753 838 1819 3,
864 1768 943 1821 nom

124 1819 274 1876 consistere
291 1819 320 1873 in
334 1817 441 1890 Judicio
459 1819 522 1889 Dei,
540 1822 589 1872 Ps.
607 1823 669 1885 143,
687 1825 713 1886 2,
732 1823 774 1874 est
792 1835 825 1873 ex
844 1819 872 1875 le
893 1830 943 1875 oet

123 1890 209 1957 ribus,
227 1890 308 1942 Rom.
327 1892 351 1957 4,
371 1890 412 1940 13.
432 1893 460 1941 et
477 1907 499 1943 o.
512 1891 555 1956 11,
568 1892 592 1956 6,
611 1887 659 1958 qui
677 1903 743 1958 ergo
761 1904 857 1941 eoram
905 1905 936 1943 eo

124 1958 241 2014 ficeret?
258 1956 336 2013 Nihil
348 1962 398 2017 est,
416 1956 492 2026 quod
506 1956 681 2026 distinguunt
697 1957 768 2010 inter
784 1955 871 2010 fidem
889 1955 943 2012 info

125 2033 154 2081 ot
173 2024 307 2081 charitate
326 2025 479 2079 formatam.
506 2025 673 2079 Bellarms'n.
687 2025 736 2079 lib.
749 2031 773 2081 2.
787 2024 822 2078 do
832 2024 943 2094 justit<

125 2095 176 2150 col.
196 2101 253 2150 906.
272 2095 307 2148 A.
325 2112 401 2166 seqq.
436 2101 458 2150 1.
477 2094 621 2163 Scriptura
636 2109 692 2146 non
709 2093 763 2147 nisi
782 2111 869 2149 unam
886 2093 943 2150 fide*

124 2164 165 2218 vit
180 2162 388 2232 justificantem.
426 2163 509 2219 Unde
532 2180 598 2233 ergo
620 2161 764 2217 biformis?
797 2168 820 2217 2.
841 2162 943 2219 Charite

124 2232 215 2286 fectus
233 2237 276 2285 est
293 2230 365 2284 fidei.
403 2231 457 2294 Qui
476 2249 541 2302 ergo
558 2236 653 2301 posset
671 2247 730 2286 esse
746 2231 836 2285 forma
854 2231 943 2287 fidei?

124 2299 192 2353 ritas
213 2305 305 2353 estex
322 2298 384 2370 lege
408 2307 436 2354 et
453 2306 561 2370 spectat
579 2316 675 2380 opera,
703 2300 773 2354 fides
791 2316 826 2354 ex
842 2318 943 2373 evange

125 2387 138 2422 s
159 2372 234 2423 ectat
251 2368 458 2436 promissionem
475 2369 673 2439 evangeiream.
712 2368 745 2422 E.
766 2375 831 2423 sunt
849 2370 943 2426 disson¹

124 2385 226 2491 dille
242 2436 326 2490 hu'us
345 2436 434 2491 forma
450 2455 510 2492 esse
535 2438 639 2508 nequit.
677 2439 737 2491 Nee
761 2439 853 2491 obstat
879 2439 943 2494 Gal.

124 2508 207 2561 Idem
224 2505 263 2560 ibi
283 2546 289 2558 .
306 2505 357 2560 ool.
377 2512 433 2560 905.
446 2506 480 2561 A.
501 2506 552 2560 col.
564 2512 622 2562 9⁰6.
635 2507 669 2560 B.
698 2505 736 2559 Τὸ
749 2508 943 2576 operaturenir

124 2573 261 2645 accipitur
278 2574 403 2644 passive,
424 2575 473 2629 sed
491 2576 594 2642 active,
637 2575 684 2629 uia
704 2574 774 2629 fides
792 2592 943 2646 operosae

125 2662 177 2699 cax
187 2650 229 2698 est
241 2661 292 2713 per
300 2643 462 2698 charitatem
472 2661 527 2698 non
537 2594 942 2714 appreirendendojustitiamc

123 2731 175 2769 nec
193 2712 310 2767 eandem
326 2711 507 2773 informando,
525 2714 574 2766 sed
586 2713 706 2766 fructum
717 2729 800 2765 suum
811 2713 943 2769 demonstr

124 2782 176 2836 Est
193 2781 265 2836 enim
283 2781 390 2835 fructus
409 2787 438 2835 et
455 2781 533 2834 testis
551 2781 624 2834 fidei.
661 2784 773 2835 Errant
801 2787 825 2835 2.
853 2782 943 2837 coeii

125 2848 943 2975 &timiamate⁹3¹³it⁶iitbitriitffitt

123 2937 345 3057 tantumqquse
371 2987 521 3057 perfectam
545 2936 575 3042 it
603 2993 766 3058 perpetuam
792 2935 943 3042 obedientia

125 3057 188 3129 lego
204 3056 365 3127 requisitam
383 3056 615 3126 complectuntur,
643 3056 754 3110 minime
774 3072 818 3123 ea,
845 3074 915 3127 quae
936 3072 943 3109 s

125 3125 255 3181 dentibus
272 3124 455 3180 inebriatum
470 3127 654 3197 requiruntur.
675 3125 785 3178 Catach.
800 3126 904 3180 Racoo.
923 3125 943 3178 d«

125 3211 185 3319 accpi
204 3201 232 3317 9ἑ
247 3200 387 3333 pq33383.
408 3201 493 3250 contr.
515 3195 584 3264 disp.
604 3193 783 3264 apostolicam
796 3196 912 3248 Roman.
920 3197 943 3248 3.

187 3302 194 3320 .
233 3279 272 3317 ,θ
322 3305 328 3319 .
710 3282 715 3292 ·
