2250 3772
119 239 183 306 312
255 237 362 327 Caput
381 241 425 307 IL
466 241 520 306 De
542 239 690 325 symbolo
712 239 902 328 apostolico.

119 408 172 462 hoc
189 408 293 463 mundo
312 425 369 463 non
386 408 451 478 fiat,
478 408 541 463 ideo
562 409 672 478 justum
696 414 753 474 est,
779 408 898 465 reddero
918 409 962 479 iis,
982 408 1038 483 qai

118 476 250 548 affligunt
260 477 336 547 pios,
355 477 547 545 afflictionem,
566 477 662 545 ethis,
679 477 727 548 qui
744 477 950 535 tribulationem
962 494 1020 535 ma

121 545 204 617 tinnt,
217 546 343 617 requiem
353 547 382 601 iu
393 547 561 602 revelatione
569 546 639 601 Jesn
651 545 784 612 (1000010,
796 549 823 600 2.
836 548 960 615 Themi,
970 548 1001 616 7.)

284 666 316 732 4.
356 665 488 745 Quando
511 677 614 731 autem
629 667 868 751 futurumst?

206 765 304 846 Quod
331 767 365 831 in
393 767 457 832 fine
482 766 595 831 mundi
622 777 653 832 et
681 767 734 831 die
764 767 935 832 novissimo
958 764 1000 831 sin

118 849 231 915 ultimo
254 862 340 916 certo
371 851 591 930 abfuturum,
620 853 755 928 scimus,
776 875 896 918 annum
915 861 1000 925 anun,

118 958 271 1014 mensem,
293 936 379 1000 diem
401 948 433 1001 et
454 937 566 1001 horam
585 936 781 1023 ignoramus.
1042 942 1044 955 ²

188 1037 276 1102 <Illud
302 1036 375 1091 enim
400 1053 451 1091 nec
471 1036 572 1107 angeli,
599 1037 647 1108 qui
671 1037 700 1090 in
731 1034 809 1090 coelo
826 1040 905 1100 sunt,
929 1033 1000 1098 sunt
1041 1042 1044 1055 ¹

119 1106 215 1161 Marc.
235 1108 285 1173 13,
309 1109 355 1160 32.
395 1105 560 1175 Importnne
582 1105 683 1176 igitur,
708 1105 871 1175 Anquotino
894 1108 1026 1181 asserent·

120 1171 182 1227 libr.
205 1179 245 1231 18.
264 1173 299 1228 de
316 1174 347 1228 0.
365 1173 401 1228 D.
419 1190 479 1243 cap.
498 1180 539 1230 53.
563 1181 584 1229 t.
602 1181 626 1229 5.
645 1174 697 1229 col.
718 1179 792 1229 1100.
809 1173 846 1241 Α,
870 1175 999 1240 locam

118 1241 202 1299 22000.
236 1242 275 1296 Et
288 1242 373 1297 idem.
391 1242 421 1296 in
440 1247 558 1297 enarrat.
577 1242 624 1297 Pa.
642 1248 667 1299 6.
685 1248 706 1297 t.
727 1248 751 1299 8.
770 1241 823 1297 col.
836 1248 878 1297 31.
895 1242 928 1296 D.
954 1240 1000 1301 Noa

119 1311 168 1373 ait.
189 1313 267 1392 quod
283 1312 391 1365 nescire
403 1329 454 1365 noa
466 1313 608 1365 Dominus
620 1312 718 1379 noluit,
736 1312 856 1365 libenter
866 1311 1000 1364 nudam

118 1378 233 1434 Interim
253 1397 316 1435 cum
336 1380 463 1448 sciamus,
483 1380 611 1433 ultimum
628 1385 738 1451 tempus
755 1379 862 1448 adum,
881 1386 905 1436 1.
914 1376 1000 1441 Jott.

117 1451 159 1514 18,
176 1464 269 1502 rerum
288 1448 411 1503 omnium
426 1447 510 1503 finem
522 1447 674 1516 imminere,
693 1452 716 1501 1.
729 1451 808 1502 Pctr.
823 1453 849 1510 4,
865 1450 886 1513 7,
904 1452 930 1503 et
944 1446 999 1517 ogr·

118 1516 268 1572 adventum
294 1516 406 1571 Domini
440 1533 621 1587 praecessura
651 1517 754 1588 partim
784 1515 934 1588 adimpleta
954 1526 1000 1576 010

117 1587 221 1655 partim
232 1585 348 1657 impleri.
369 1586 404 1640 de
416 1585 517 1655 quibua
528 1587 665 1655 videatur,
686 1590 709 1641 1.
722 1585 792 1640 Tim.
802 1589 828 1652 4,
838 1589 875 1653 1,·
892 1589 918 1639 2.
931 1584 999 1638 aaa.

119 1656 145 1721 2,
165 1659 202 1719 2,·
219 1656 323 1709 Marta.
341 1656 384 1718 24,
404 1660 448 1708 10.
467 1658 517 1724 11,-
535 1657 604 1709 Luc.
625 1658 669 1719 21,
689 1659 715 1708 a
736 1658 783 1723 22,
802 1653 863 1724 ipss
880 1646 999 1728 etiamst

117 1727 217 1778 ventus
235 1723 349 1779 Domini
367 1722 396 1775 in
415 1723 572 1795 propinquo
590 1723 651 1793 erit,
667 1725 732 1777 Jac.
746 1728 772 1786 0,
790 1727 815 1779 8.
851 1725 956 1777 Errant
966 1719 1000 1789 ip·

113 1796 161 1846 tur
186 1792 314 1858 fanatici,
342 1791 391 1862 qui
421 1792 466 1846 vel
492 1809 526 1846 ex
554 1791 754 1847 enthusiastica
779 1791 943 1847 revelatione
968 1780 997 1865 vel

118 1861 299 1917 arithmeticis
329 1860 559 1916 calculationibus
587 1869 615 1916 et
645 1859 830 1940 prognosticis
858 1856 999 1933 anologio

117 1938 224 1985 certum
241 1948 353 1992 annum,
370 1947 493 1985 mensem
512 1936 540 1984 et
563 1929 637 1983 diem
651 1929 751 1999 jndrcii
769 1930 885 1983 extremi
900 1929 1000 2001 detetur

114 2006 191 2054 nant.
228 1999 331 2056 Contra
348 2000 445 2054 Actor.
464 2002 488 2060 1,
510 2001 533 2052 7.
575 1998 640 2053 Non
657 2006 700 2053 est
724 2002 848 2052 vestrum
865 2013 941 2052 nosse
956 1995 999 2049 erl·

115 2069 192 2122 culos
219 2074 382 2138 temporum.
422 2067 496 2122 Vide
520 2068 665 2122 Benedict.
688 2067 770 2121 Aret.
793 2067 883 2138 probl.
907 2062 999 2129 theolog·

114 2135 165 2191 loc.
187 2142 243 2192 157.
261 2154 327 2207 pag.
342 2138 413 2202 005.)

449 2255 479 2320 5.
524 2252 590 2319 Cur
611 2254 688 2318 boc?

202 2353 250 2418 Ut
268 2354 408 2439 seposita
431 2355 517 2419 omni
543 2354 712 2419 securitate
739 2354 773 2418 in
794 2354 936 2442 singulos
952 2348 999 2416 diet

119 2446 152 2500 et
171 2436 321 2504 horarum
340 2454 500 2505 momenta
522 2441 563 2503 ad
585 2440 755 2504 adventum
774 2441 844 2525 ejus
866 2452 1000 2539 nosprat·

117 2545 283 2608 paremus,
306 2535 337 2589 et
356 2549 397 2590 nc
418 2526 590 2612 imparatos
612 2548 671 2590 nos
693 2525 762 2589 dies
782 2524 838 2591 ille
860 2526 1001 2613 oppnmll

114 2608 347 2692 provideamus.

183 2724 285 2790 (Docet
310 2725 340 2780 id
358 2726 495 2782 Dominus
520 2727 646 2797 exemplo
673 2726 896 2798 patrisfamilias,
920 2716 999 2781 unt

113 2796 159 2854 24,
176 2797 222 2862 43,
239 2800 268 2849 et
287 2795 381 2850 decem
398 2797 546 2867 virginum,
566 2797 672 2853 Mottt.
692 2802 738 2866 25,
757 2799 801 2864 13,
825 2801 854 2853 et
879 2803 1001 2853 servorun

112 2864 181 2916 Luc.
205 2867 250 2932 12,
270 2866 315 2918 36.
353 2868 433 2919 Latet
448 2866 565 2919 ultimus
586 2867 657 2933 dien,
680 2872 712 2917 nt
735 2866 916 2919 clamentur
930 2868 1001 2919 cmm

114 2932 185 2998 dics,
202 2934 323 3001 August.
341 2932 415 2987 hom.
436 2939 475 2989 13.
495 2933 542 2988 lib.
563 2940 603 2988 50.
621 2933 714 2988 homil.
733 2940 798 2991 tom.
822 2941 862 2991 10.
882 2950 944 3014 pag.
959 2928 1000 2984 tll·

115 2997 148 3053 B.
184 2999 260 3072 Ergo
278 3001 308 3055 in
324 3001 452 3057 omnibus
471 3001 601 3071 operibus
626 3003 681 3056 tuis
701 3019 853 3058 memorare
870 2998 1001 3058 novnsim

112 3066 274 3123 Ecclesiast.
294 3076 319 3139 7,
340 3078 381 3126 40.
412 3071 536 3125 Attende
553 3070 623 3124 illud
638 3073 805 3135 Hieronymi
825 3073 859 3127 de
877 3073 953 3139 timor
965 3062 1000 3119 ull
1042 3090 1044 3131 i

113 3134 206 3193 Judic.
224 3143 291 3192 tom.
309 3146 333 3194 4.
351 3157 378 3209 p,
401 3138 513 3197 2001),
535 3145 564 3192 et
580 3157 610 3193 re
650 3139 668 3194 l.
688 3140 814 3195 monach.
834 3146 858 3197 3.
879 3147 900 3196 t,
916 3146 939 3195 4.
952 3144 1000 3206 1³¹8·

113 3208 172 3258 3³5.
183 3204 216 3259 B.
250 3206 366 3275 Semper
383 3209 450 3261 tubo
468 3209 523 3262 illo
540 3209 611 3260 arri
628 3210 675 3262 ilis
689 3211 789 3263 centena
799 3213 1001 3279 perstrepunt

112 3272 210 3327 vibus:
229 3276 337 3345 surpa'to
354 3277 466 3346 mortui,
484 3277 573 3331 uenite
590 3279 794 3347 adjudicium.
832 3273 1002 3333 10220ιοΕο
