2250 3772
443 220 495 286 De
517 221 692 308 evangelio.
958 196 1022 291 195

200 392 358 461 Differunt
384 394 418 461 4..
439 396 570 457 vauterio
598 396 681 459 circa
710 417 818 478 ossam:
852 391 905 456 lex
935 393 1022 457 enim

81 548 89 563 .
127 490 278 564 praeopta
306 479 421 556 habet,
452 477 562 563 quales
593 500 658 542 non
687 501 772 561 esse,
806 475 884 561 quid
905 476 1022 555 facere,

130 559 227 640 quidve
241 563 386 629 omittere
401 563 585 640 debeamus,
599 564 693 628 Dect.
704 563 735 640 6,
753 566 780 630 1.
806 561 1023 648 Evangelium
1047 638 1051 649 Ι

66 646 68 651 ’
131 663 193 710 vero
216 648 312 714 habet
336 648 505 713 conciones
534 648 575 712 de
600 648 786 713 remissione
808 657 1022 735 pcccatorum,

133 731 300 812 gatavei
320 744 353 798 et
375 733 496 800 Christi
515 732 693 815 beneficiis,
712 734 785 798 Jot.
808 734 839 810 3,
863 733 912 798 16.
1010 792 1013 796 .

200 816 359 901 Differtmt
386 817 416 884 5.
435 821 554 903 forma.
596 818 716 882 Forma
737 823 822 881 enim
842 816 925 903 legis
946 838 1023 881 con·

135 896 198 965 sistit
213 902 247 967 in
266 902 495 990 praecipiendo
522 915 555 967 et
578 903 741 986 jubendo,
770 902 822 966 cui
848 902 1022 988 respondet

135 989 236 1069 operari
256 998 289 1053 et
308 988 424 1065 facere,
450 989 518 1052 Gal.
533 989 565 1073 3,
590 989 645 1064 12;
666 990 758 1054 Rom.
777 988 808 1063 2,
830 988 880 1054 23.
913 986 1023 1051 Evan-

136 1067 194 1152 gelii
218 1096 293 1139 vero
323 1073 358 1137 in
389 1073 621 1159 promittendo,
655 1070 818 1136 offerendo
848 1083 879 1136 et
902 1071 1023 1136 condo·

135 1155 236 1236 nudo,
268 1156 322 1223 cui
348 1158 520 1243 respondet
545 1157 701 1233 assentiri,
732 1157 860 1221 credere
883 1168 914 1220 et
942 1157 1024 1220 reci·

135 1255 199 1326 pere,
217 1245 311 1310 Rom.
334 1245 365 1320 3,
386 1243 442 1319 22ς
465 1244 540 1308 Jolt.
564 1246 592 1325 l,
617 1243 665 1309 12.

198 1326 358 1392 Differunt
386 1329 416 1395 6.
440 1330 586 1411 aciy'uncta
603 1329 846 1412 promissionum
877 1327 1023 1411 qualitate

133 1414 346 1478 demolitione:
371 1410 453 1499 legis
482 1412 567 1476 enim
595 1411 823 1497 promissiones
852 1422 926 1474 sunt
947 1432 1023 1475 con-

131 1485 295 1583 ditionales,
329 1520 486 1562 annexam
518 1497 672 1561 habentes
703 1495 919 1560 conditionem
950 1518 1024 1581 per-

130 1568 302 1646 festissimae
327 1581 531 1667 impletionis,
554 1583 632 1648 Luc.
656 1583 706 1666 10,
727 1582 786 1647 28:
808 1581 860 1644 fac
881 1581 943 1645 hoc
966 1592 1024 1645 etc.

128 1649 347 1730 Promissiones
379 1689 455 1732 vero
487 1665 645 1752 evangelii
676 1676 750 1729 sunt
782 1665 939 1751 gratuitae
966 1688 1024 1752 per

66 1830 68 1843 Ι
125 1734 215 1837 fidem,
235 1753 330 1820 Rom.
351 1751 381 1837 3,
404 1753 463 1815 24:
484 1753 651 1837 justificati
670 1754 770 1835 pratis
793 1764 845 1814 etc.

137 1920 144 1933 ,
184 1864 262 1929 <Dico
282 1883 340 1936 per
358 1869 464 1937 fidem,
488 1884 544 1921 non
568 1871 707 1938 quatenus
726 1871 769 1922 est
786 1867 908 1923 conditio
928 1867 966 1923 ali
985 1885 1024 1923 ua

120 1916 255 1998 dl&uitatis
273 1940 324 2017 aut
341 1936 440 2017 operis,
456 1941 571 2017 propter
584 1953 671 2058 paam
682 1935 795 2005 justitia
804 1935 952 2007 offeratur,
966 1887 1024 1991 bac

117 2002 230 2073 atroque
242 2009 352 2059 ratione
371 2009 401 2060 st
417 2022 479 2075 rpsa
496 2021 584 2075 smper
597 2012 660 2059 ecta
679 2010 735 2072 est,
755 2004 804 2059 sed
825 2012 962 2076 quatenus
982 2010 1026 2060 est

115 2067 233 2126 medium
252 2079 281 2128 et
298 2070 513 2129 instrumentum
531 2073 747 2144 applicationis.)

195 2175 358 2241 Differsmt
381 2175 410 2241 7.
434 2177 545 2260 effectis
561 2179 706 2262 propriis
727 2179 824 2260 iisque
845 2179 1025 2240 contrariis:

110 2239 164 2342 ¹5³1
176 2259 258 2323 euim
274 2263 302 2328 1.
312 2260 405 2324 docet
418 2260 506 2323 bona
520 2281 627 2344 opera,
641 2283 707 2324 non
723 2260 905 2347 suppeditat
917 2272 1024 2325 autem

107 2345 194 2439 ”res
213 2344 378 2430 implendi,
400 2346 493 2411 Dent.
515 2345 568 2422 29,
589 2347 621 2413 4.
644 2345 672 2412 9.
711 2345 926 2495 Evauffielium
947 2368 1035 2421 vero,

128 2428 267 2501 puttam
286 2440 433 2495 sanctum
452 2428 679 2514 subministrat,
700 2431 790 2514 cujus
836 2430 970 2495 eneficio
991 2431 1025 2495 in

107 2512 207 2577 ⁰Ordc
230 2525 340 2579 nostro
362 2514 416 2578 lex
437 2513 621 2579 inscribitur
640 2526 672 2579 et
687 2515 862 2662 perficitur,
882 2517 951 2582 Jer.
972 2517 1025 2600 31,

107 2579 164 2659 33.
200 2599 230 2666 2.
251 2599 324 2664 Lex
343 2599 492 2663 morbum
511 2599 635 2684 peccati
652 2598 686 2663 in
709 2600 781 2684 icat,
804 2610 941 2682 accusat,
962 2611 1027 2664 ter-

108 2684 170 2761 ret,
192 2683 271 2749 iram
292 2683 358 2749 Dei
378 2683 560 2769 denunciat,
582 2685 817 2770 non-perfecte
839 2684 1026 2749 obedientes

226 2780 256 2846 t,
285 2768 367 2832 iram
387 2790 463 2832 vero
484 2790 551 2832 non
569 2769 669 2853 tollit,
692 2772 784 2833 Rom.
806 2771 844 2847 4,
870 2772 924 2844 153
956 2768 1027 2833 Gau

108 2832 137 2920 3>
167 2853 215 2918 10.
250 2853 466 2952 Evangelium
486 2875 562 2917 vero
584 2866 751 2940 peccatum
767 2854 855 2940 tegit,
877 2853 1027 2919 morbum

106 2937 212 3023 Quat,
231 2948 417 3023 perterrrtos
438 2938 541 3024 erigit,
563 2950 595 3003 et
607 2938 745 3025 gratiam
759 2950 791 3003 et
804 2938 903 3003 vitam
923 2948 1026 3003 aeter-

107 3022 188 3084 uam
208 3022 411 3088 credentibus
434 3022 599 3109 promittit,
621 3026 714 3089 Rom.
737 3025 768 3101 3,
787 3025 843 3099 223
866 3024 1024 3108 Es.61,1.

178 3138 275 3205 (Unde
292 3141 413 3221 Auqast.
433 3141 468 3195 ds
489 3140 554 3209 spir.
573 3148 601 3195 et
618 3140 659 3196 h't.
678 3157 702 3195 c.
718 3145 741 3195 ³.
760 3146 780 3195 t.
799 3146 822 3196 3.
843 3140 894 3195 col.
915 3146 975 3197 816.
988 3140 1029 3222 A,

103 3186 189 3326 &1⁴35
202 3225 321 3311 operum
336 3211 573 3290 dicstpominus:
587 3212 651 3291 sac·
664 3211 741 3278 qood
752 3211 857 3279 jubeo,-
877 3211 937 3278 leqc
950 3213 1027 3280 fidat

186 3292 219 3328 ur
237 3279 318 3362 Deo.
340 3280 463 3332 Domtoe
483 3281 524 3332 da
543 3280 621 3346 quod
632 3279 746 3346 jubes.)
999 3350 1005 3359 Ι

815 3371 860 3416 a·
1030 3328 1096 3566 t
