2250 3772
103 230 168 299 262
237 229 343 319 Caput
362 228 406 298 IL
450 230 503 295 De
524 229 671 316 symbolo
693 194 878 317 apostoliea.

107 398 232 456 divulsio.
270 399 342 456 Sunt
360 398 433 454 enim
452 399 588 453 duntaxat
604 399 779 468 doaxormmi,
794 397 849 453 hoa
867 402 914 466 ent,
926 396 980 451 null

106 485 151 522 raa
166 477 194 523 et
203 469 387 540 proprietates
398 468 540 523 naturales
550 484 605 521 non
617 467 754 535 dividunt,
769 467 819 521 ned
828 466 980 537 damguur

106 542 135 592 et
152 538 233 607 eujus
250 543 366 592 naturae
383 537 487 608 gratia,
506 536 550 592 vel
567 552 617 606 pro
638 542 680 591 ter
699 552 784 606 quam
800 542 925 591 naturam
938 532 980 589 ha

105 606 151 661 vel
168 606 221 660 ieta
239 606 352 677 propria
367 604 420 659 toti
436 621 570 675 personae
587 609 624 658 tm
644 611 754 668 uantur,
771 608 936 668 monstrant,
950 614 980 656 a<

105 692 172 730 vero
196 675 241 730 vel
264 675 337 729 hano
358 675 403 729 vel
426 674 507 729 istam
530 681 659 728 naturam
681 689 700 727 a
717 673 857 728 communi
879 670 980 727 attribu

105 749 244 813 separant,
262 744 327 798 vide
348 742 434 800 Gean.
453 742 524 813 disp.
545 748 585 800 12.
606 742 655 796 lib.
676 743 804 799 oonoord.
822 758 883 813 oap.
900 747 925 797 2.
940 738 980 795 tlt<

105 817 148 866 34.
165 829 193 880 ρ.
212 818 270 867 312.
306 810 446 866 Dicuntur
465 818 489 868 3.
507 829 557 882 pro
578 810 619 864 ria
635 816 797 865 naturarum
815 808 980 865 eommunia!

104 896 247 1002 gemnae.
281 880 382 950 Itaque
400 881 430 933 in
449 881 538 950 primo
558 829 613 934 ioo
634 896 736 951 genere
759 897 816 935 non
835 886 877 935 eat
892 875 980 934 verba]

126 954 243 1003 untaxat
267 948 429 1004 idiomatum
457 948 643 1018 praedicatio,
676 948 726 1003 ned
751 947 835 1004 realia
862 946 980 1003 eorunde

106 1016 269 1072 communio.
302 1017 407 1071 Contra
422 1017 555 1072 allaeosin
572 1017 721 1086 lutroini,
760 1034 814 1072 uae
832 1022 883 1086 eat,
900 1015 946 1071 ubi
960 1032 980 1070 n

106 1091 171 1140 tura
186 1103 237 1156 pro
254 1093 354 1140 natura
387 1086 431 1141 vel
471 1104 502 1142 ro
519 1092 580 1140 tota
597 1103 716 1156 persona
733 1034 821 1141 ditare
838 1092 947 1140 tantum
960 1102 980 1137 n

105 1159 170 1208 tura
188 1155 314 1209 sumitur.
354 1126 412 1210 tic:
431 1105 505 1209 fiiiun
524 1155 579 1210 Dei
598 1160 641 1209 eat
657 1154 818 1220 crucifixus,
836 1155 926 1212 Hebr.
942 1156 970 1234 6,Ι

102 1222 185 1293 juxta
193 1222 358 1296 Zwinglium
374 1224 415 1278 ita
426 1230 516 1278 sonat:
536 1224 657 1278 humana
667 1229 776 1292 natura,
793 1223 852 1278 filio
864 1222 918 1279 Dei
927 1225 980 1277 unit

105 1293 238 1346 crucifixa
257 1301 305 1349 eet.
339 1293 421 1358 Quod
440 1301 483 1348 est
497 1300 625 1347 naturam
642 1309 694 1373 pro
710 1299 811 1347 natura
827 1308 943 1357 sumere,
958 1306 980 1343 ar

106 1360 173 1416 lieet
198 1361 347 1416 humanam
395 1378 426 1415 ro
452 1362 559 1429 divina,
588 1361 714 1416 Chrratm
732 1367 774 1416 eet
796 1378 908 1431 paeana,
937 1361 980 1413 'nx

107 1429 183 1482 Zwin
205 1428 273 1484 lium
293 1437 348 1499 est,
368 1380 490 1484 dumana
509 1429 610 1483 Christi
630 1436 730 1484 natura
746 1434 789 1485 eat
805 1446 898 1499 panea.

107 1504 150 1552 eat
173 1447 290 1552 niteram
313 1504 440 1553 naturam
463 1504 572 1553 tantum
595 1516 646 1568 pro
668 1503 729 1553 tota
773 1514 873 1552 emona
897 1512 980 1552 numer

107 1566 166 1619 soil.
181 1573 311 1621 naturam
329 1567 478 1620 humanam
495 1584 545 1637 pro
559 1566 675 1622 Christo.
704 1565 729 1619 E
769 1566 829 1621 'etis
845 1571 932 1637 patet,
950 1580 980 1636 pe

106 1634 195 1689 tinere
212 1636 249 1690 ad
266 1635 319 1691 hoo
335 1652 424 1716 genus
442 1652 518 1757 sequ
543 1635 759 1706 propositiones:
784 1652 848 1688 oum
870 1641 893 1695 1.
911 1633 980 1715 idion

107 1702 231 1758 divinum
249 1705 426 1775 praedroatur
445 1704 480 1759 de
511 1704 606 1758 'hristo
624 1705 684 1759 Deo
705 1704 751 1768 (de
769 1720 890 1773 perrona
908 1720 926 1758 a
943 1702 980 1757 dn

107 1771 194 1827 nitate
214 1773 401 1837 denominata)
418 1777 463 1827 ut:
500 1790 663 1844 uaecumque
674 1773 761 1826 Pater
776 1772 884 1841 fecerit,
900 1772 965 1827 haee

105 1840 194 1895 Filius
214 1842 339 1898 similiter
357 1841 433 1910 feeit,
448 1791 515 1896 Joi.
535 1845 566 1910 5,
585 1846 626 1896 19.
666 1841 736 1896 Cum
753 1847 777 1896 2.
797 1841 901 1895 idioma
918 1841 980 1894 hum

106 1927 174 1964 num
190 1911 368 1981 praedicatur
385 1911 421 1964 de
439 1909 547 1964 Christo
566 1908 691 1979 homine,
710 1911 757 1977 (de
773 1927 892 1980 persona
910 1910 945 1964 ab
960 1908 978 1963 h

107 1979 241 2035 manitate
260 1979 446 2039 denominata)
473 1983 517 2032 ut:
542 1976 615 2032 lilius
637 1978 756 2032 hominia
779 1979 906 2033 tradetur
924 1984 980 2059 gem

107 2046 160 2102 bus
196 2051 328 2115 Luc.18,
348 2051 393 2103 32.
430 2047 500 2102 Cum
524 2053 539 2102 3
567 2048 670 2101 idioma
693 2047 818 2101 divinum
835 2047 980 2117 praedloat

108 2116 145 2170 de
162 2089 271 2170 dhrinto
288 2116 407 2184 homine,
426 2122 470 2169 ut:
488 2117 627 2170 secundus
643 2116 724 2169 homo
744 2122 786 2170 eet
804 2116 840 2168 de
858 2116 934 2170 ooolo
951 2128 980 2169 oo

106 2183 194 2252 lestis,
211 2190 235 2238 1.
256 2184 319 2238 Cor.
338 2189 381 2252 lo,
400 2188 441 2238 47,
469 2185 539 2240 Cum
557 2191 580 2239 4.
600 2185 703 2238 idioma
720 2184 873 2239 humanum
889 2183 980 2253 predio

106 2258 153 2306 tur
171 2253 207 2306 de
226 2252 334 2306 Christo
354 2253 429 2321 Deo,
449 2260 493 2308 ut:
515 2253 589 2306 filius
607 2252 661 2307 Dei
679 2261 760 2307 natus
780 2257 873 2307 estex
891 2251 980 2307 mulier

111 2318 178 2373 Gal.
197 2324 221 2387 4,
237 2324 260 2376 4.
297 2320 367 2375 Cum
386 2321 504 2393 denique
528 2331 552 2377 5.
572 2322 675 2375 idioma
692 2322 737 2376 vel
755 2321 884 2375 ‘divinum
900 2321 944 2376 vel
960 2319 980 2374 h·

107 2405 219 2442 manum
236 2389 413 2459 praedicatur
432 2391 467 2445 de
487 2389 596 2445 Christo
616 2391 674 2445 sive
692 2391 727 2445 de
744 2396 805 2444 tota
823 2407 951 2460 persona,
970 2402 980 2441 a

107 2463 225 2527 utraque
250 2464 350 2512 natura
376 2459 567 2528 denominata,
596 2465 640 2513 ut:
665 2458 791 2513 Christus
810 2464 853 2513 eet
874 2459 980 2513 inerat

107 2525 224 2594 deitate,
242 2531 271 2581 et
289 2532 397 2581 oreatus
414 2528 598 2595 humanitate,
616 2531 751 2582 Dammae.
770 2527 832 2583 libr.
852 2534 876 2583 4.
895 2528 929 2582 da
941 2530 980 2581 ort

107 2593 155 2648 fid.
174 2612 207 2650 oa
231 2637 236 2649 .
251 2603 274 2650 5.
315 2636 319 2646 .
334 2602 393 2654 288.
432 2600 544 2651 Errant
560 2597 647 2667 igitur
664 2596 718 2664 isti,
739 2596 788 2668 qni
804 2596 834 2649 in
849 2592 980 2666 propositi·

106 2663 190 2718 nibus
203 2613 259 2744 iia:
277 2613 351 2745 fliius
362 2665 481 2719 hominia
492 2665 560 2734 odit,
575 2664 688 2735 patitur,
707 2665 823 2719 moritur
836 2673 888 2719 ete
908 2662 980 2743 nulla·

107 2738 383 2789 eommumeatronem
409 2735 572 2789 idiomatum
597 2742 768 2805 agnoscunt,
798 2734 848 2787 aed
872 2746 980 2814 propriu

106 2801 243 2857 duntaxat
259 2802 295 2857 de
314 2819 365 2857 aua
382 2810 482 2858 natura
492 2802 649 2873 praedicari
660 2805 748 2859 a'unt.
772 2802 864 2857 Mart.
875 2800 980 2871 nepio

106 2871 177 2925 ain.
203 2886 267 2940 pag.
290 2876 346 2926 164.
388 2874 527 2925 Dooaeoe
553 2889 639 2927 exam.
700 2889 772 2927 omn.
799 2888 822 2925 o.
843 2877 884 2928 12.
906 2881 933 2941 p.
948 2871 980 2923 2⁹

130 2957 178 2992 um
196 2940 266 2993 haec
283 2957 339 2994 non
356 2940 391 2994 de
408 2940 483 2994 nudo
501 2940 623 3010 homine,
638 2941 688 2995 sed
705 2940 741 2995 de
758 2938 940 3008 θεανθρώπῳ,
954 2935 980 2989 ln

105 3006 230 3076 homine,
249 3007 297 3130 Ἠλὶ
316 3008 346 3062 in
362 3009 469 3063 unitate
508 3025 623 3064 arnonae
640 3016 682 3065 eat
698 3027 779 3064 verus
798 3009 889 3078 Deua,
904 2999 980 3079 praed

106 3084 212 3133 eantur.
289 3076 383 3147 'oquin
408 3094 464 3132 non
515 3094 575 3133 eun.
603 3079 653 3132 sed
680 3078 771 3131 nudus
797 3076 880 3132 homo
904 3086 980 3147 pm

104 3144 181 3267 guod
197 3144 337 3226 emblema
356 3150 398 3200 eat
415 3145 542 3201 Nestorii.
576 3146 650 3227 Quid
668 3146 744 3217 quod
762 3146 832 3202 haee
848 3146 910 3217 ipaa
925 3142 980 3201 ein

103 3212 222 3337 leoli'hro
235 3214 466 3351 {eitimam
498 3231 563 3269 vere
584 3216 738 3271 dicuntur?
779 3216 876 3269 Actor.
901 3217 931 3281 3,
955 3213 980 3263 1ι
