2250 3772
245 247 299 312 De
318 246 525 334 petitionibus
550 246 584 311 in
604 271 730 335 genere.
771 249 776 255 ”
881 250 944 322 451

93 417 141 484 47.
180 415 268 495 (Ζαίῶ
284 419 379 502 ipitur
404 421 577 502 sipuifioont
597 422 703 484 verba:
727 419 782 503 qui
804 445 838 487 es
859 424 894 491 in

433 502 552 566 coelis?

121 603 244 668 Notant
273 605 491 687 majestatem,
524 604 672 669 virtutem
705 615 737 669 et
770 607 946 690 potentiam

86 686 105 750 ti
124 689 302 775 coelestem,
323 689 480 756 infinitam
499 690 594 775 plane
615 701 646 754 et
661 713 826 768 summam,
846 704 883 756 ut
904 693 946 756 sit

86 795 92 835 t
119 775 290 839 verborum
322 798 447 839 sensus:
480 775 579 839 Pater
606 786 730 853 noster,
762 777 884 860 quies
911 778 945 841 in

86 857 150 945 elis,
177 859 239 924 hoo
268 869 333 937 est,
360 864 413 945 qui
435 864 508 925 odes
529 863 786 946 ubiqumubique
807 866 945 947 respicis,

86 945 146 1029 ἱᾳιιε
164 967 276 1029 proces
297 949 425 1011 exaudis
455 948 646 1030 omnpotens
676 949 814 1010 eonditor
841 970 946 1011 rerum

91 1030 219 1093 eoelestis
240 1030 344 1092 Pater.

110 1144 163 1212 (Itu
186 1152 262 1200 reete
283 1147 391 1216 Philip.
410 1146 621 1200 Melouohtton.
647 1151 667 1202 t.
691 1153 711 1201 l.
737 1147 770 1201 de
790 1148 910 1205 invocat.
926 1149 946 1202 f.

86 1212 126 1267 th.
136 1214 276 1285 explieuit.
291 1214 393 1270 Confer
402 1231 444 1284 ea,
454 1232 526 1285 ques
534 1231 619 1284 supra
629 1215 665 1270 de
674 1217 835 1272 ascensione
845 1216 947 1272 Christi

97 1283 182 1339 ooelos
196 1288 350 1352 annotata.)

87 1400 128 1467 48.
165 1401 247 1480 Quot
269 1415 340 1467 suot
353 1404 517 1487 petitiones
540 1404 691 1466 orationis
713 1406 904 1469 dominicae?
1016 1492 1017 1495 Ἴ

120 1519 336 1595 Numerantur
355 1520 466 1585 ordine
488 1530 619 1606 septem,

109 1637 238 1706 (Errant
258 1638 433 1705 Goloiuioni,
456 1638 503 1708 qui
523 1655 571 1691 sex
592 1642 703 1691 tantum
717 1638 866 1707 petitiones
881 1657 945 1695 oon·

86 1707 163 1772 inunt,
181 1714 210 1762 et
227 1707 373 1778 septimam
391 1713 484 1761 sextae
502 1707 689 1776 conjungunt,
713 1708 789 1763 Calo.
803 1708 822 1762 l.
840 1714 863 1762 3.
882 1709 944 1765 inst.

88 1778 122 1841 20.
139 1775 159 1829 f.
178 1781 220 1832 35.
238 1793 302 1848 pag.
322 1782 380 1832 569.
422 1776 512 1830 Ursiu.
533 1774 659 1844 explieat.
679 1775 784 1829 cateth.
801 1793 867 1847 pag.
886 1783 946 1836 890.

102 1845 202 1898 nodum
219 1845 249 1898 in
266 1845 356 1914 scirpo
376 1848 523 1915 quaerunt,
542 1849 571 1897 et
587 1851 697 1913 praeter
714 1861 796 1898 omne
815 1846 944 1899 meritum

86 1912 264 1968 nLutherum
283 1930 349 1968 sexa
369 1913 494 1967 suarium
517 1913 551 1966 de
568 1919 652 1982 ponte
671 1913 788 1980 dejicere
808 1913 854 1968 hie
872 1921 944 1968 satu-

86 1984 125 2106 iib
146 1981 276 2118 Ip)quod
296 1932 491 2053 expirationes
508 1980 674 2051 petitionum
696 1981 812 2036 istarum
828 1982 944 2038 interim

125 2069 163 2105 un
176 2095 182 2107 .

107 2169 155 2236 49.
192 2167 326 2246 Quinam
348 2183 391 2237 est
413 2174 491 2235 ordo
514 2181 542 2232 et
570 2171 745 2233 distributio
767 2168 879 2233 lterum

386 2252 590 2339 petitionum?

120 2370 365 2436 Distribuuntur
386 2371 420 2436 in
442 2371 569 2435 ordines
589 2372 686 2435 duos:
708 2370 742 2434 in
763 2372 866 2457 primo
888 2394 945 2458 pe·

86 2474 130 2520 nus
151 2457 221 2520 duri
240 2455 333 2605 nolbis
356 2459 449 2542 bono,
470 2455 667 2521 insecundo
688 2456 825 2541 petimus
846 2481 866 2520 a
886 2480 960 2558 κιο-Ι
999 2534 1001 2538 ,

86 2554 208 2607 tuvertl
226 2567 278 2605 ma
312 2590 318 2603 .

222 2661 274 2727 50.
311 2661 354 2722 Io
376 2661 485 2744 quibus
501 2660 637 2743 potimus
658 2659 755 2722 bono?

119 2777 158 2842 In
177 2777 280 2842 tribus
301 2777 461 2863 prioribus
486 2776 622 2861 petimus
645 2777 731 2840 bona
757 2776 943 2861 spiritualia.

117 2862 156 2927 In
171 2867 281 2949 primo
302 2861 583 2926 sanctificationem
602 2862 738 2925 nominis
760 2862 869 2927 divini.

118 2945 308 3014 Inserenda
330 2948 501 3011 adventum
519 2947 611 3032 regni
633 2946 707 3013 Dei.

118 3030 157 3095 In
182 3037 274 3098 tertio
297 3032 510 3097 obedientiam
531 3032 564 3095 in
586 3053 686 3117 regno
707 3030 763 3094 illo
783 3031 874 3115 juxta
887 3045 943 3096 vo-

86 3121 187 3182 utstem
211 3117 285 3184 Dei.

119 3199 156 3266 In
176 3215 291 3286 quarta
306 3202 390 3266 bons
404 3200 534 3285 quaevis
549 3201 736 3286 corporalia,
759 3222 841 3283 quae
857 3223 943 3264 sum-

86 3282 143 3350 stin
163 3288 223 3352 sub
247 3309 330 3374 pane
352 3287 539 3371 quotidiano
563 3286 899 3372 comprehenduntur]
923 3367 926 3372 Ι

727 3395 773 3438 ss*
