2250 3772
114 243 179 307 114
352 239 458 325 Caput
479 241 505 305 Ι.
549 242 602 306 De
625 242 790 328 decalogo,

113 410 233 477 abthin,
252 410 413 464 Dambourt
432 426 509 479 prox.
528 409 603 463 crim.
623 428 646 465 e.
659 416 702 468 91.
719 429 747 481 p.
768 416 827 467 288.
860 409 972 481 Raptus
987 416 1026 467 eal

83 530 86 537 ,
113 480 237 534 violenta
255 479 378 533 mulieris
396 479 425 532 in
443 478 563 533 alienum
580 480 670 533 locum
687 479 821 534 abductio
840 485 959 535 etcorru
980 479 1026 535 tio.

115 551 335 616 Ecod.22‚16'.
363 553 391 602 et
415 551 498 600 Dect.
517 551 563 610 22,
584 552 630 601 25.
670 547 749 603 Idem
777 549 936 605 Weceabec.
959 497 1026 604 diet

114 618 164 673 loc.
201 617 327 672 Incestus
352 622 395 670 cst
419 616 577 670 commixtio
605 634 668 672 cum
689 617 903 689 consanguineis
921 624 950 673 et
968 615 1026 672 affi-

114 687 197 741 nibus
218 686 246 739 in
299 683 399 738 adibus
417 685 483 754 jure
503 685 597 739 divino
615 685 777 756 prohibitis,
803 688 869 743 Leo.
889 690 931 755 18,
955 690 979 741 6.
998 694 1026 740 et

114 759 161 823 21),
179 758 219 807 11.
278 753 324 808 ide
339 753 512 808 Schneider.
531 754 568 807 ad
585 755 627 810 tit.
646 755 731 809 instit.
752 755 787 810 de
804 762 881 825 nupt
901 754 979 809 rubr.
992 754 1026 809 de

114 831 192 893 nupt.
205 822 291 877 illicit
306 841 332 875 n.
346 828 369 875 3.
382 823 399 877 l.
410 829 434 879 4.
453 822 660 878 Coneubinatus
672 829 715 878 est
729 823 898 879 cohabitatio
910 822 1026 880 eoebbir

117 909 180 946 cum
197 892 311 946 muliere
327 893 398 945 citra
415 892 590 963 conjugalem
609 893 749 947 affectum.
786 893 908 948 Wescub.
930 893 961 947 in
977 908 1026 962 pa·

113 960 197 1015 ratitl.
220 960 250 1013 ff.
279 960 314 1014 de
338 960 453 1014 concub.
483 979 508 1014 n.
536 967 559 1015 3.
605 961 757 1016 Pellicatus
785 968 827 1015 est
854 960 1026 1015 cohabitatio

114 1029 207 1084 mariti
229 1031 311 1099 juxta
331 1028 484 1100 legitimam
502 1045 615 1083 uxorem
634 1047 698 1084 cum
717 1029 853 1099 aliasvel
871 1030 941 1085 aliis.
979 1028 1026 1085 Sc·

115 1098 208 1153 domic
225 1102 267 1151 eat
285 1098 343 1151 sive
361 1115 425 1152 cum
440 1097 570 1152 masculis
588 1099 647 1153 sive
659 1116 722 1154 cum
734 1099 823 1154 brutis
834 1104 1027 1168 praeternatu-

114 1168 179 1222 ralia
198 1167 368 1235 commixtio,
393 1169 473 1220 Rom.
493 1170 517 1235 1,
537 1170 580 1220 16.
619 1168 782 1226 Damboud.
800 1168 831 1221 in
849 1184 928 1238 prex.
948 1167 1026 1222 crim·

113 1256 141 1307 p.
162 1242 203 1291 96.
222 1253 272 1305 per
291 1240 341 1288 tot.
377 1235 487 1289 Dicitur
504 1235 573 1289 alias
592 1242 740 1306 peccatum
757 1242 877 1304 mutum,
896 1236 973 1308 quod
991 1252 1026 1291 na

112 1304 250 1360 nominari
267 1303 388 1374 quidem,
407 1305 493 1358 multo
512 1304 602 1358 minus
621 1305 685 1359 sciri
704 1306 775 1360 inter
787 1305 951 1360 christianos
960 1305 1026 1375 jure

114 1374 224 1428 debeat.
262 1375 372 1426 Errant
389 1373 475 1444 igitur
497 1380 517 1427 1.
539 1375 695 1427 Pharisaei
712 1380 740 1428 et
759 1375 881 1442 Judaei,
923 1374 955 1427 ui
972 1372 1026 1427 illl-

113 1442 182 1496 citos
205 1440 289 1496 animi
313 1448 404 1497 motus
425 1449 454 1496 et
474 1441 637 1512 adspectum
658 1442 838 1497 libidinosum
857 1443 892 1496 ad
924 1443 1026 1497 terium

48 1550 50 1555 -
113 1529 173 1567 esse
193 1510 343 1582 negabant,
361 1513 466 1566 Muttb.
480 1515 504 1578 5,
518 1514 561 1564 28.
592 1513 704 1565 Errant
722 1517 746 1566 2.
760 1512 924 1566 Rahbinict
938 1512 1026 1565 Thal-

111 1581 265 1647 mudz'stac,
292 1580 340 1652 qui
366 1578 533 1634 adulterium
558 1597 613 1633 non
636 1580 689 1633 nisi
714 1597 777 1634 cum
796 1579 940 1648 maritata,
967 1596 1023 1635 non

111 1649 196 1732 etiam
220 1666 283 1702 eum
309 1649 400 1703 soluta
424 1648 559 1703 committi
579 1655 711 1730 statuunt.
747 1649 968 1730 VidenTur-nou.
990 1649 1026 1703 de

111 1735 183 1841 th·
196 1718 266 1853 lul·
284 1720 630 1867 hl⁵jula⁸⁴lmllll
648 1723 763 1857 latr?
782 1718 1026 1842 {latitat

110 1875 137 1926 p.
161 1862 215 1911 197.
242 1861 359 1909 scortari
381 1854 586 1909 adolescentem
602 1873 658 1909 non
675 1860 808 1925 reputant
831 1855 935 1937 scelus²
959 1873 1023 1909 cum

109 1931 289 1995 praeceptum
308 1924 360 1977 hoc
379 1923 546 1978 adulterium
559 1930 669 1977 tantum
686 1924 846 1994 prohibeat;
864 1923 1023 1978 formcatio·

110 2012 173 2049 nem
193 2003 285 2048 autern
305 1993 365 2062 ipse
385 1993 461 2047 Deus
480 1992 638 2063 permittat,
664 2009 719 2064 quo
759 2010 788 2046 er
807 1992 957 2047 violentam
978 1993 1024 2047 ds·

111 2063 259 2117 tonsionem
278 2063 371 2114 locum
393 2062 439 2114 Os.
453 2065 476 2129 1,
489 2066 515 2115 2.
533 2061 654 2115 trahunt.
685 2061 722 2116 Vi
743 2078 758 2116 e
782 2061 923 2115 Gerhard.
943 2060 977 2117 Ιι.
990 2061 1020 2116 Ο,

110 2139 130 2186 t.
150 2137 174 2186 2.
187 2149 219 2212 p.
239 2137 284 2184 140
298 2145 370 2210 seq..
383 2129 454 2210 Cum
472 2136 564 2184 tamen
584 2130 689 2210 ibidem
705 2130 868 2200 prophetam
886 2130 1026 2211 Dominus

2 2312 4 2317 .
108 2198 512 2334 atttltttttttrhl
527 2199 702 2321 atttriti
717 2200 1025 2337 blleslllilrlfflilli

111 2335 208 2390 codem
229 2352 261 2388 cx
282 2335 378 2388 cadem
396 2283 497 2388 liberos
516 2336 588 2390 susci
610 2353 662 2391 erc.
692 2335 747 2399 Qui
764 2334 844 2390 liberi
862 2335 1023 2392 fornicatio·

109 2422 176 2458 num
197 2403 335 2470 dicuntur,
356 2420 412 2458 non
430 2404 505 2474 quod
517 2421 572 2525 per
584 2353 793 2460 ddrnicationem
805 2404 901 2476 geniti,
920 2406 970 2460 sed
987 2405 1025 2460 ob

110 2478 227 2527 matrem
248 2471 423 2527 aterminoa
438 2490 500 2542 quo,
530 2473 720 2527 ornicatricem
735 2474 843 2528 dictam.
875 2473 1023 2537 Quomodo

110 2547 139 2596 et
156 2540 255 2594 Rahab
274 2541 403 2595 meretrix
422 2541 532 2609 dicitur,
550 2543 653 2609 Jos.2‚
668 2546 689 2595 1.
719 2543 806 2595 Hebr.
827 2545 867 2610 11,
887 2547 933 2597 31.
966 2546 1024 2598 Er·

107 2619 175 2664 rant
190 2617 213 2664 l.
232 2627 265 2662 cc
272 2610 431 2678 pontificiis
443 2610 492 2678 illi,
513 2611 560 2682 qui
574 2609 758 2665 sacrificulum
772 2611 904 2680 plurimas
916 2610 1025 2668 habere

107 2678 279 2733 concubinas
298 2680 451 2734 successive
465 2687 566 2747 tamen,
586 2695 670 2750 quarn
688 2697 772 2733 unam
791 2681 941 2750 con'ugem
953 2681 1023 2752 legi·

106 2748 203 2802 timum
222 2747 308 2801 satius
329 2765 388 2803 esse
407 2753 540 2803 asserunt.
575 2748 706 2816 Campcp.
726 2748 802 2818 apud
817 2698 946 2804 Sdec'dun.
965 2749 985 2804 1,
998 2756 1024 2809 4,

109 2817 144 2872 dc
161 2823 222 2871 stat.
244 2817 323 2888 relig.
343 2836 371 2888 p.
392 2822 450 2873 104.
493 2818 596 2873 Gestar.
617 2818 719 2870 enchir.
740 2834 763 2873 c.
784 2822 824 2872 19.
844 2835 871 2886 p.
892 2821 962 2886 566.)

106 2920 159 2985 41.
182 2920 344 2983 leofricus
365 2944 436 2985 vero
459 2923 491 2983 in
512 2921 567 2983 hoc
584 2933 753 3004 praecepto
771 2923 877 3003 quavis
891 2923 1026 2988 immua-

128 3007 200 3069 dc'tic
208 3054 217 3088 ,
240 3007 316 3089 quid
330 3029 345 3069 c
359 3008 518 3069 contrario
533 3006 566 3068 in
581 3007 680 3069 eodem
695 3007 781 3071 nobis
790 3007 1010 3089 praecepitur?

191 3105 239 3171 Ut
262 3116 347 3168 caste
369 3115 401 3169 et
422 3104 548 3190 pudice,
570 3104 603 3167 in
625 3116 740 3183 mente,
761 3105 866 3170 verbis
890 3117 922 3170 et
945 3129 1026 3193 ope·

104 3187 194 3255 ribus
226 3189 384 3266 vivamus,
417 3202 449 3254 et
478 3189 698 3273 unusquisque
728 3214 818 3255 suam
847 3193 1025 3278 conjugem

106 3287 191 3338 amet
211 3297 248 3338 ac
269 3274 411 3338 honoret.
