2250 3772
175 259 399 347 Despiritu
420 274 540 326 sancto.
761 262 826 327 315
909 344 919 357 Ι

86 432 152 494 odo
183 452 254 515 erqo
277 432 398 579 pipios
419 430 575 561 Spiritum
602 441 741 493 sanctum
761 450 826 492 esse

337 536 411 578 eum
424 564 430 576 .

87 640 126 682 o:
152 612 240 695 Quia
263 615 290 680 1.
311 614 346 678 in
361 612 527 700 Scriptura
548 635 696 698 expresse
717 624 750 677 et
769 612 827 676 ab·

86 715 175 765 catur
197 699 346 766 Jehovah
368 712 400 763 et
422 701 523 766 Deus.

86 835 95 870 r
115 819 143 871 2.
161 817 283 871 Samuel.
303 820 350 883 23,
370 820 397 870 2.
415 819 448 880 3,
469 819 520 870 Es.
542 820 567 879 1,
583 819 609 869 2.
625 819 664 872 16.
685 821 713 870 et
728 817 825 871 Actor.

94 887 174 939 Patr.
192 889 216 949 1,
235 889 279 940 21.
315 885 387 949 Ubi,
405 886 453 956 qui
472 885 573 939 dicitnr
589 884 730 949 Jehovah,
752 885 827 940 locu·

86 971 109 1008 n·
126 955 276 1026 prophetas
296 955 405 1009 dicitur.
445 953 523 1007 Etis
542 953 552 1006 i
573 968 603 1007 se
620 952 723 1007 dicitur
742 953 827 1076 Spiri-
852 971 855 976 ’

86 1041 99 1076 ι.
144 1023 216 1077 item
234 1024 283 1079 Po.
304 1027 402 1089 7611.
424 1027 461 1080 18.
490 1029 518 1077 et
568 1026 594 1075 'a
614 1024 659 1090 63,
679 1025 720 1075 16.
781 1021 827 1077 llic

86 1091 169 1146 rovah
191 1091 227 1147 ab
245 1092 380 1146 Israelitis
404 1099 544 1153 tentatus,
569 1091 614 1144 hic
638 1091 674 1144 ad
693 1091 827 1160 Spiritum

86 1160 187 1214 afertur.
223 1159 297 1215 Hinc
318 1159 466 1215 concludo:
485 1158 643 1230 quicunque
660 1158 768 1214 locutus
784 1167 828 1215 est

86 1229 164 1282 avidis
187 1233 215 1283 et
243 1229 360 1284 aliorum
382 1229 595 1299 prophetarum,
625 1233 667 1282 est
690 1245 771 1283 verus
799 1234 828 1282 et

86 1305 149 1362 teus,
168 1301 193 1351 2.
213 1298 289 1352 Sam.
308 1301 354 1366 23,
372 1305 399 1351 2.
411 1301 438 1352 3.
472 1297 560 1368 Atqui
577 1296 696 1367 Spiritus
714 1303 827 1351 sanctus

103 1383 154 1436 per
165 1382 196 1420 os
209 1365 335 1432 Davidis‚
355 1369 381 1422 2.
394 1367 468 1420 Sum.
483 1369 528 1429 23,
542 1373 568 1422 2.
580 1367 607 1434 3,
626 1364 742 1419 aliorum
759 1365 827 1421 item

86 1453 124 1503 rn,
146 1439 172 1491 2.
185 1436 261 1489 Patr.
280 1439 305 1499 1,
318 1439 362 1488 21.
396 1434 428 1491 Ε.
449 1434 567 1505 Spiritus
588 1440 701 1488 sanctus
719 1440 762 1489 est
780 1451 826 1490 ve·

86 1522 158 1558 arnus
177 1503 263 1557 Deus.
312 1503 396 1558 Adde
413 1504 511 1560 Actor,
531 1507 557 1570 5,
576 1506 603 1556 3.
630 1503 712 1558 Unde
730 1505 770 1558 sic
787 1503 827 1557 in·

86 1590 162 1643 nque
178 1578 239 1625 tum
251 1572 390 1642 temporis,
409 1578 519 1642 praeter
531 1571 679 1642 apostolos,
696 1572 827 1627 mentitus

86 1658 121 1707 as,
139 1642 163 1694 is
182 1640 236 1695 fuit
254 1640 344 1704 Deum
366 1641 491 1694 Ananias
511 1647 570 1694 tum
590 1641 729 1710 temporis,
749 1658 826 1722 prae-

86 1711 139 1777 ios‚
160 1709 293 1763 mentitus
313 1715 355 1763 est
372 1709 488 1780 Spiritui
508 1715 611 1763 sancto.
655 1708 688 1763 E.
708 1708 827 1780 Spiritus

86 1778 200 1836 tDeus.
236 1777 345 1834 Confer.
366 1782 390 1834 1.
412 1779 581 1839 Corinth&
601 1782 644 1833 16.
665 1781 724 1843 17.)

86 1911 91 1944 t
111 1882 141 1946 2.
157 1880 309 1945 attributa
323 1882 387 1946 Dei
409 1880 591 1945 essentialia
611 1881 716 1944 eidem
737 1882 826 1946 attri-

85 2081 142 2134 nim
165 2081 315 2152 spiritualis
341 2082 475 2147 essentia,
498 2082 616 2152 ideoque
634 2082 780 2138 invisibilis
798 2089 827 2138 et

86 2167 135 2219 na,
179 2168 231 2205 uae
253 2152 399 2207 essentiam
425 2151 596 2222 spiritualem
614 2160 826 2222 consequuntur.

86 2238 122 2286 us,
173 2221 227 2273 μὸν.
243 2223 269 2288 9,
290 2224 328 2285 11,
346 2221 464 2292 ideoque
481 2220 668 2289 immutabilis,
687 2221 762 2292 quod
778 2238 827 2275 ne·

102 2289 274 2343 aeternitatis
302 2289 471 2360 requisitum.
522 2289 748 2361 Omnipraescns,
777 2292 827 2345 Pa.

86 2357 235 2428 rnipotens,
259 2368 282 2411 1.
303 2359 428 2427 Cor.12,
448 2362 489 2422 11,
511 2359 614 2428 bonus,
635 2360 682 2414 Ps.
703 2362 764 2428 143,
786 2363 827 2429 16,

101 2430 124 2480 1.
145 2428 254 2492 Cor.2,
273 2429 317 2494 16,
340 2425 510 2491 liberrimum
532 2444 549 2481 a
569 2445 625 2493 ens,
653 2433 674 2481 1.
698 2428 760 2482 Cor.
782 2431 827 2494 12,

87 2497 153 2551 Joh.
171 2498 213 2564 11,
232 2498 273 2564 17,
291 2495 352 2565 ipsa
370 2497 480 2565 veritas,
504 2501 525 2551 1.
565 2499 608 2551 ot.
626 2501 652 2564 5,
671 2499 697 2551 6.

86 2625 92 2662 ι
121 2601 149 2664 3.
171 2622 191 2662 a
212 2599 309 2663 Patre
332 2599 462 2683 filioque
489 2600 530 2665 ab
560 2612 688 2665 aeterno
715 2599 827 2664 ineffa-

86 2683 199 2748 ocedit.

86 2801 143 2854 nim
161 2801 300 2870 processio
326 2801 380 2854 ists
401 2800 471 2854 nihil
496 2801 586 2870 aliud,
611 2819 694 2872 quam
717 2802 827 2858 divinae

86 2886 123 2923 »er
139 2876 278 2923 aeternam
298 2887 315 2923 a
334 2869 417 2924 Patre
434 2875 463 2923 et
474 2869 546 2925 Filio
559 2871 737 2941 spirationem
753 2886 827 2926 com·

114 2937 158 2992 De
178 2955 234 3008 qua
253 2938 336 2992 latius
353 2939 446 3004 infra.)

86 3087 90 3105 .
110 3041 141 3105 4.
156 3041 248 3107 Patri
263 3055 294 3105 ct
308 3041 393 3106 Filio
413 3053 461 3142 est
477 3037 664 3124 ὁμοούσιος,
686 3041 748 3106 hoc
766 3052 825 3121 est,

86 3147 155 3190 cum
177 3140 313 3210 utroque
335 3142 501 3193 essentiae.

101 3226 132 3280 id
150 3226 184 3279 iis
203 3226 362 3296 Scripturas
380 3225 559 3281 testimoniis.
581 3223 681 3295 quibus
700 3224 828 3282 divinita·

86 3313 181 3350 monas
204 3297 323 3350 essentia
340 3314 427 3350 unum
444 3312 503 3350 esse
530 3310 615 3363 supra
631 3294 829 3351 demonstravi·
