2250 3772
115 256 182 321 530
286 251 393 340 caput
414 255 456 322 v.
499 255 552 319 oe
571 276 672 320 aaa
693 255 865 321 comma
941 222 945 232 ’

118 427 303 547 asum·
325 421 443 555 {aa
457 422 1017 563 iaaaamamms

118 558 382 685 ustum
396 559 825 684 assimilatum?
839 532 1018 685 illuit

116 696 161 752 ria
195 696 320 765 abenda,
345 712 408 751 cum
426 696 496 752 haec
513 696 711 752 sacrificiorum
727 698 864 754 relatione
888 698 1020 764 dicuntum

120 768 223 822 Nasum.
245 766 271 819 d.
289 766 307 819 l.
326 783 354 846 p:
376 772 414 821 13.
451 766 502 847 Est
519 765 591 820 enim
616 767 720 821 elench.
738 767 851 848 relator.
887 767 959 833 Quis
973 781 1019 822 noll

117 901 640 983 ,
659 841 693 959 a
707 834 1020 975 uuquam

116 971 186 1026 fines
199 979 329 1042 erigatur,
343 977 390 1027 ut:
408 971 495 1026 altare
507 971 709 1027 Rubenitarum
721 980 750 1026 et
764 921 942 1042 deditarum,
954 970 1018 1044 quod

116 1058 173 1094 aon
191 1045 313 1094 erectum
330 1058 381 1110 pro
397 1039 570 1108 holocausto,
595 1057 647 1095 nec
664 1057 715 1122 pro
732 1040 871 1096 sacrificio
889 1046 942 1096 etc.
967 1040 1018 1095 Jos.

118 1112 171 1177 22,
191 1112 234 1161 26.
273 1108 311 1162 Et
328 1107 493 1162 sacrificium
512 1109 571 1163 sine
594 1110 690 1178 altari,
718 1111 790 1164 sicut
808 1110 912 1165 Persas
930 1109 1019 1164 duris

117 1195 174 1231 non
192 1177 305 1248 erigere,
324 1183 353 1231 et
368 1183 462 1232 tamen
479 1177 633 1232 sacrificare
654 1178 751 1232 scribit
770 1180 902 1234 Herodot
930 1177 1018 1233 inclio

117 1246 165 1301 lib.
183 1251 204 1300 l.
223 1262 250 1315 p.
267 1252 307 1300 29.
350 1247 401 1299 Nil
420 1247 511 1300 obstat
536 1252 559 1301 3.
585 1247 660 1316 quod
683 1247 712 1300 in
737 1246 875 1302 altaribus
891 1247 1019 1318 plerisque

118 1314 283 1369 sacrificium
301 1314 402 1368 missae
420 1315 561 1385 quondam
579 1314 749 1369 celebratum
766 1314 1019 1387 eodemquealtaria

118 1383 312 1438 contaminata
342 1385 446 1438 Naum.
464 1384 490 1436 d.
508 1384 526 1437 l.
547 1401 573 1453 p.
595 1389 634 1438 13.
671 1383 723 1437 Est
740 1385 814 1439 enim
833 1384 940 1439 elench.
959 1382 1018 1439 acci·

119 1452 238 1506 dentalis
256 1454 369 1508 abusus.
397 1451 470 1515 Quid
489 1469 554 1506 vero
566 1458 626 1505 tum
637 1455 754 1522 postea?
772 1453 855 1508 Licet
866 1471 917 1534 per
927 1453 1018 1507 abusu

116 1521 314 1589 contaminata,
330 1537 404 1574 nunc
422 1526 516 1574 tamen
528 1521 657 1575 restituto
669 1538 735 1576 vero
748 1528 777 1576 et
792 1538 917 1592 genumo
927 1530 1018 1576 coenw

118 1607 153 1643 ss.
173 1607 226 1643 usu
245 1595 403 1660 repurgata.
432 1595 455 1644 2.
470 1589 508 1643 Et
525 1589 586 1659 ipsa
604 1588 716 1660 templa,
735 1596 879 1661 suggesta,
899 1590 1016 1661 baptista

117 1658 268 1782 illidii
282 1662 419 1780 *ltili
437 1657 1016 1797 littlltt‘ttlttttvtltt‘t

117 1797 192 1850 tione
217 1795 317 1850 altaria
343 1812 476 1865 usurpare
522 1797 665 1850 ossemus?
703 1813 767 1849 cum
798 1796 910 1850 mundis
936 1794 1016 1852 omnio

117 1866 232 1933 munda,
254 1866 308 1918 Tit.
329 1868 352 1928 1,
375 1868 419 1927 15,
438 1870 466 1918 et
482 1882 511 1917 m
532 1864 550 1916 il
571 1864 709 1935 impurum
747 1882 777 1919 er
792 1881 838 1933 se,
860 1866 910 1919 sed
929 1864 962 1932 ai,
977 1861 1016 1943 qui

117 1935 256 1990 existimat
272 1933 410 2002 impurum
426 1949 495 2001 esse,
512 1934 592 1986 Rom.
606 1937 648 1998 14,
660 1936 705 1986 21.
760 1933 845 1986 ullius
858 1933 908 1987 hili
920 1929 1015 1997 estha,

118 2004 194 2074 quod
211 2002 386 2073 distinguunt
402 2000 474 2055 inter
492 2017 598 2072 organa
621 2001 796 2056 idololatriae
821 2002 959 2072 proxima,
979 2014 1015 2053 ra

117 2072 170 2125 luti
187 2071 299 2138 altaria,
325 2087 396 2141 quae
415 2070 596 2129 destruenda,
621 2077 650 2124 et
674 2077 793 2137 remota,
820 2071 898 2125 velut
915 2076 969 2125 tem

119 2157 191 2211 quae
213 2156 269 2193 non
292 2138 465 2193 destruenda.
504 2138 568 2193 vid.
588 2141 690 2193 Naum.
710 2144 805 2192 assent.
831 2156 860 2209 p.
881 2145 922 2194 15.
979 2153 1015 2191 uu

118 2214 147 2263 et
165 2215 185 2262 1.
205 2209 298 2272 lucos,
321 2207 351 2260 in
393 2207 476 2261 uibus
494 2224 558 2261 arae
575 2207 682 2278 positae
700 2213 793 2271 erant,
820 2206 1015 2262 succendendas

117 2277 254 2331 Dominus
277 2277 306 2329 in
323 2276 359 2331 V.
406 2317 412 2329 .
438 2275 582 2345 praecipit.
620 2275 653 2329 Ε.
677 2283 705 2330 et
728 2276 834 2346 templa
853 2274 1015 2332 destruenda

119 2353 142 2401 2.
160 2344 239 2398 Calix
261 2350 290 2398 et
311 2344 429 2414 patella,
455 2345 483 2397 in
508 2361 563 2424 qua
585 2344 694 2398 hostiae
718 2349 879 2414 servantur,
905 2344 1017 2416 proxim

116 2415 217 2469 missae
235 2430 349 2484 organa,
367 2429 422 2466 nou
440 2413 545 2466 altaria.
572 2413 604 2466 ld.
618 2414 671 2467 ista
685 2413 862 2482 destruenda,
879 2431 936 2468 non
948 2412 1014 2467 haec.

119 2490 142 2540 3.
165 2482 307 2546 Quaedam
325 2481 482 2535 idololatria
499 2481 658 2536 immediate
675 2481 705 2535 iu
725 2481 852 2552 templis.
871 2499 927 2536 non
943 2483 970 2536 in
985 2478 1016 2534 al·

117 2553 223 2606 taribus
249 2569 266 2605 a
288 2549 438 2620 pontificiis
462 2555 637 2621 perpetrata,
662 2554 690 2605 et
713 2558 736 2605 5.
763 2567 848 2622 quam
866 2547 1016 2605 maximein

117 2621 297 2692 suggestibus
314 2619 428 2673 defensa
448 2626 498 2673 etc.
528 2620 581 2672 Nil
598 2620 688 2673 obstat
706 2626 730 2674 4.
768 2618 824 2672 uod
838 2620 916 2674 Deus
935 2632 1017 2673 severa

116 2689 260 2810 praecepit
277 2688 447 2743 ethnicorum
466 2687 564 2741 altaria
585 2687 699 2742 diruere.
728 2687 749 2740 I
784 2706 811 2740 m
828 2705 894 2760 pag.
913 2695 951 2743 ll.
974 2685 1017 2740 lut

117 2759 190 2814 euim
208 2756 313 2813 eench.
331 2774 391 2826 par.
411 2773 531 2826 compar.
561 2755 634 2820 Quia
656 2762 676 2810 l.
693 2756 723 2810 in
742 2754 778 2812 V.
795 2756 873 2812 Test.
893 2756 1017 2812 Dominus

117 2826 227 2882 nonnisi
245 2826 274 2880 in
291 2825 367 2895 loco,
392 2825 500 2895 quemi
523 2841 551 2878 se
569 2825 712 2896 elegisset,
734 2842 821 2879 unum
848 2826 935 2881 altare
956 2820 1016 2895 aigi

56 2952 60 2963 ,
117 2895 216 2959 voluit,
238 2896 332 2948 and.
350 2898 401 2962 20,
419 2898 464 2950 24.
548 2893 574 2947 'a
602 2900 624 2948 2.
653 2893 751 2948 altaria
776 2893 888 2948 ethnica
915 2892 1017 2965 publico

137 2963 282 3019 rostabant
300 2963 336 3017 ad
354 2962 552 3017 idololatriam.
576 2968 605 3016 et
622 2978 716 3015 ansam
735 2961 896 3017 offendiculi
913 2960 1016 3038 pracbtss

116 2983 194 3087 dant.
230 3031 319 3102 Atqui
341 3031 371 3084 in
388 3031 457 3087 Nor.
477 3031 597 3085 Testam.
624 3037 645 3086 l.
670 3030 879 3086 circumstantia
897 3032 951 3085 ista
972 3031 1016 3084 loo

117 3102 228 3172 penitus
246 3100 409 3221 exsfiiravit,
429 3101 515 3153 Hebr.
539 3103 565 3161 7,
585 3103 624 3156 18.
649 3105 678 3153 et
701 3104 725 3164 8,
742 3103 767 3154 6.
804 3099 864 3154 Nec
883 3107 905 3155 2.
927 3096 1016 3154 uiuri·

116 3177 210 3224 nostra
235 3169 293 3238 pub
306 3169 346 3222 'ca
374 3169 409 3222 ad
432 3168 617 3222 idololatriam
639 3173 778 3237 prostant,
801 3184 855 3222 nec
884 3167 1016 3223 materian

117 3236 277 3292 offendiculi
295 3237 438 3306 praebent.
466 3238 518 3291 Est
535 3237 621 3309 igitur
633 3252 805 3308 consequens
817 3237 1013 3308 inconsequens

110 3307 182 3372 'Qua
201 3305 378 3359 distinctione
397 3306 513 3360 diluitur
529 3312 559 3361 'et
577 3311 780 3376 argumentum,
799 3306 877 3377 quod
887 3308 925 3361 ub
936 3308 1014 3360 axed-
