2250 3772
240 245 294 310 De
308 243 512 310 sacramentis
528 244 563 308 in
577 265 704 331 genere.
874 243 937 310 491

86 428 195 483 carnem,
216 412 266 486 qui
284 413 314 468 in
331 413 504 485 plenitudine
520 413 652 484 temporis
670 413 770 476 factus,
791 380 858 467 eat.
871 415 897 476 4,
912 417 939 481 4,

86 500 150 605 prpe
161 481 291 608 {imi}
307 482 513 606 ιᾳωὶίίοἰῗιιπῒι.
549 483 720 537 Νοοόὂεεαι
743 481 838 606 {abtas
849 483 937 562 Ill-1.

86 569 300 676 mumistia
317 568 563 691 ilbtuillbearlectrib
579 557 741 675 iridliiil⁰et
752 564 938 688 ariferreepiibli

86 704 130 758 um,
148 693 287 760 quatenus
304 697 478 745 sacramenta
492 690 553 760 ejus
569 689 599 743 in
618 706 647 744 se
665 687 886 754 considerautur,
904 691 938 741 ut

86 763 111 813 nt
125 757 208 812 simul
226 758 289 828 typi
301 756 410 827 Christi,
428 775 512 882 qrbrem
525 757 581 812 fide
599 757 778 837 respicientes
799 755 936 810 remissio·

86 832 291 898 rpeccatorum
308 844 446 899 conseque
467 833 549 883 antru
565 830 745 881 sacramentis
762 826 892 893 euntes.)

133 965 183 1031 18.
220 963 378 1042 Quomodo
399 976 500 1029 cutem
520 966 600 1030 ictor
621 986 652 1027 se
672 961 839 1048 differunt?

113 1080 277 1147 Diffemnt
297 1081 380 1146 inter
401 1104 436 1146 se
458 1083 486 1148 1.
501 1084 634 1145 materia
652 1093 773 1145 terrena
790 1080 938 1165 propria,

86 1186 98 1231 s
116 1167 272 1252 symbolis
293 1178 378 1232 certo
400 1176 543 1254 tempore
563 1164 789 1231 determinatis.

100 1283 155 1354 (Sic
172 1285 290 1341 materia
306 1283 523 1340 circumcisionis
540 1288 583 1338 est
593 1283 783 1355 praeputium,
804 1281 870 1354 agni
886 1297 936 1358 pa·

86 1353 130 1415 alis
157 1371 249 1426 agnus
277 1353 422 1408 anniculus
456 1353 664 1421 immaculatus,
694 1351 827 1422 baptismi
854 1366 937 1422 aqua,
976 1350 979 1363 ¹

86 1438 131 1560 33
157 1421 312 1538 dominicae
335 1422 416 1494 panis
436 1426 466 1478 et
486 1421 596 1487 vinum,
619 1422 751 1493 utrinque
769 1425 801 1475 ut
819 1437 864 1474 res
884 1425 939 1476 ter·

113 1611 141 1678 2.
165 1613 288 1676 Formo
304 1613 455 1695 proprio,
482 1609 548 1674 sive
577 1609 755 1674 actionibus
777 1609 812 1673 in
833 1610 940 1694 cujus·

86 1717 95 1760 s
112 1696 309 1761 institutione
328 1694 541 1781 praescriptis.

100 1812 154 1880 (sic
170 1813 262 1869 forma
277 1812 492 1868 circumcisionis
511 1817 553 1867 est
573 1809 713 1882 praeputii
725 1812 804 1882 pueri
820 1811 938 1896 judaici,

86 1897 128 1936 avo
145 1899 163 1937 a
179 1881 326 1936 nativitate
343 1881 396 1950 die,
414 1881 577 1951 amputatio,
599 1879 701 1934 Genea
720 1883 761 1948 17,
782 1883 823 1935 12.
860 1882 938 1952 Agm

86 1950 166 2006 chelis
183 1951 274 2006 forma
291 1956 334 2005 est
350 1950 417 2022 agni
435 1949 552 2004 masculi
571 1949 689 2019 perfecti
708 1949 847 2017 mactatio,
864 1967 939 2005 assa-

88 2025 113 2074 et
126 2019 312 2088 manducatio,
330 2020 413 2089 juxta
422 2020 507 2072 ritum
518 2036 536 2073 a
544 2017 605 2072 Deo
618 2017 827 2088 praescriptum,
843 2019 937 2076 Erod.

97 2092 120 2144 5.
152 2089 196 2143 Ba
216 2088 292 2142 tismi
309 2087 399 2143 forma
416 2094 459 2142 est
476 2087 614 2142 immersio
632 2087 689 2140 sive
709 2086 830 2156 aspersio
849 2104 939 2157 aquae

86 2158 186 2213 nomine
224 2156 301 2226 atris,
318 2157 384 2211 Filii
402 2162 430 2212 et
448 2156 520 2227 Spir.
538 2155 633 2224 sancti,
653 2155 757 2208 Mattb.
771 2159 814 2208 28.
831 2158 938 2226 penult.

86 2240 139 2282 nae
155 2225 310 2282 dominicae
342 2225 433 2281 forma
457 2230 500 2280 est
527 2224 699 2292 benedictio,
727 2224 885 2280 distributio
911 2232 939 2282 et

86 2295 206 2350 educatio
228 2295 310 2366 panis
334 2294 488 2362 benedicti,
514 2294 562 2417 appi
585 2298 628 2348 est
646 2294 860 2348 communicatio
880 2311 938 2350 cor·

85 2361 227 2433 isOhristi,
246 2368 275 2418 et
292 2363 392 2418 bibitio
409 2363 504 2416 calicis
542 2361 669 2429 enedicti,
688 2363 737 2432 qui
755 2367 798 2417 est
816 2379 938 2418 commu·

86 2432 129 2487 ttio
146 2432 290 2505 sanguinis
308 2431 418 2502 Christi,
438 2433 540 2486 Motth.
558 2434 603 2498 26,
621 2432 667 2487 26.
668 2431 687 2499 )

109 2552 140 2619 ,3.
159 2551 282 2637 Objecto
293 2556 427 2639 proprio
434 2575 446 2632 ,·
460 2562 657 2616 sacramenta
672 2551 757 2614 enim
767 2553 841 2618 Vet.
850 2551 937 2619 Test.

86 2656 144 2700 tras
164 2647 196 2701 et
216 2638 346 2701 umbras
367 2637 556 2715 habuerunt,
577 2634 741 2702 Christum
761 2637 796 2699 in
811 2659 939 2700 carnem

86 2730 194 2787 {mrum
217 2744 289 2787 cum
309 2722 473 2787 beneficiis
496 2721 737 2796 adumbrantes3
760 2720 842 2790 Nov.
861 2738 966 2786 vero·

86 2815 115 2873 st.
133 2819 330 2872 sacramenta
346 2807 452 2895 ipsum
468 2805 632 2872 Christum
646 2827 740 2870 carne
756 2807 939 2871 manifestas

86 2902 257 2977 utanquam
267 2915 450 2979 expressam
464 2891 637 2978 imaginem
651 2903 851 2976 praesentem
863 2914 939 2956 con·
966 2938 975 2956 ι

86 2988 174 3043 tutet
188 2977 348 3043 exhibent.
382 2977 457 3045 Vid.
473 2979 571 3042 Hebr.
588 2978 638 3060 10,
655 2977 687 3053 13
712 2977 827 3045 Colore.
839 2978 869 3055 2,
887 2979 937 3043 17.

102 3092 153 3158 (Sic
171 3112 238 3167 ergo
257 3095 431 3166 potissimum
452 3094 598 3161 differunt,
620 3097 653 3147 ut
675 3098 761 3163 typus
780 3099 809 3147 et
827 3093 939 3163 veritas,

86 3162 172 3218 umbra
188 3170 216 3221 et
235 3181 344 3234 corpus,
363 3169 396 3219 ut
410 3163 502 3235 figura
519 3169 548 3217 et
566 3161 731 3217 substantia.
765 3162 848 3218 Unde
866 3163 937 3218 haec

86 3237 177 3288 mata:
208 3241 230 3288 1.
258 3241 499 3287 sacramentorum
523 3233 669 3300 utriusque
697 3231 858 3285 testamenti
880 3251 937 3287 aon

103 3315 154 3355 wau
177 3303 330 3371 eodemque
352 3302 516 3355 substantio.
560 3299 677 3355 Habent
700 3299 774 3354 enim
800 3300 938 3356 diversam
