2250 3772
169 122 251 209 Sept
273 142 378 209 praec.
393 156 436 168 —
457 118 510 185 De
532 118 747 184 dominiorum
761 117 898 185 distinct.
929 119 989 184 131

105 304 199 348 turmo.
238 290 305 346 Huc
328 307 396 362 ergo
419 289 559 360 portinent
578 289 688 358 decem,
714 304 784 358 quas
802 289 887 359 vulgo
904 287 992 341 nomi·

106 365 168 424 mut,
186 364 377 416 contractuum
401 357 520 430 species:
559 364 581 413 1.
599 357 683 413 emtio
704 362 733 411 et
748 357 884 425 venditio,
911 354 994 410 Kauf

106 427 149 481 nt
161 427 290 503 Verkauf.
334 427 397 492 Quo
414 427 535 482 refertur
556 427 639 481 emtio
661 426 802 480 redituum
825 443 889 479 cum
906 430 990 496 pacto

60 558 63 565 Ι
109 493 356 553 deretrovendsndo.
375 502 402 552 2.
412 495 541 560 Mutatio,
553 495 645 550 leihen
658 496 726 550 oder
737 495 852 566 borgen.
873 500 896 549 3.
910 494 990 548 Com·

108 565 207 632 nudatio,
223 565 333 622 lehnen.
366 571 390 622 4.
408 565 539 632 Donatio,
558 564 738 635 Schenkung.
770 572 793 618 5.
811 563 991 631 Permutatio,

109 633 223 690 woehssln.
268 641 293 692 6.
321 633 446 704 locatio,
473 632 684 705 Vermiethung.
730 640 753 687 7.
780 631 993 704 Oppignoratio,

109 697 291 772 Vuptlndun.
332 708 356 759 8.
381 702 561 775 Depositum,
591 702 806 772 Hinterlegung.
847 707 871 756 9.
899 698 990 756 Socie-

109 772 146 835 lffl.
159 720 346 829 Gesallscghaft
391 778 429 828 10.
446 771 539 844 Emph
573 771 654 838 eusis,
678 770 914 824 Erbbestttndniss
938 773 990 823 etc.

109 834 185 895 Dens
198 846 226 897 st
241 841 305 896 alius
322 841 459 896 e'usmodi
475 839 664 896 contractibus
680 839 745 893 vide
764 840 888 894 Wesenb.
902 838 931 892 in
945 854 994 907 pa-

110 906 170 965 nlitl
191 909 219 964 ff.
245 910 281 965 ds
305 858 389 965 reims
410 910 483 965 cred.
507 908 641 963 commod.
670 908 765 977 depos.
789 907 912 961 mandat.
941 922 993 976 pro

110 988 149 1054 tut
161 977 192 1033 ds
206 977 331 1034 contrah.
351 986 433 1048 empt.
452 977 641 1032 locati-cond.
661 976 695 1029 de
713 991 765 1031 rer.
788 980 936 1046 permutat.
957 974 993 1029 de

109 1047 243 1115 nuestus
276 1053 306 1101 et
331 1046 480 1117 hypothes.
509 1046 544 1100 de
573 1044 714 1099 donation.
761 1050 785 1099 2.
802 1044 936 1098 Fidelites
963 1043 993 1095 in

109 1115 231 1192 suendo
249 1116 351 1171 damno
368 1115 498 1186 proximi,
515 1114 650 1168 sedulitas
668 1120 697 1168 et
711 1113 856 1183 diligentia
874 1112 994 1166 vocatio·

108 1183 325 1239 uuinlaboribus
340 1183 483 1239 faciendis.
514 1189 537 1237 3.
556 1181 723 1238 Liberalitas
743 1181 772 1234 in
790 1180 994 1236 communican-

108 1245 331 1330 dltfacultatibus.
358 1259 384 1309 4.
396 1251 555 1324 Fmgulitas
575 1257 603 1306 et
620 1250 790 1321 parsimonia
807 1250 836 1303 in
851 1266 994 1304 asservan-

110 1315 227 1377 durebus
246 1321 320 1377 bana
338 1322 426 1394 partis
450 1326 478 1377 et
502 1321 732 1375 convenientere
770 1319 913 1374 endendis.
949 1316 995 1371 De

107 1384 264 1461 etmosynis
280 1390 338 1445 vid.
358 1390 512 1444 ffiscumum
530 1394 663 1457 nostrum,
685 1387 734 1442 ubi
775 1403 827 1442 ano
849 1386 994 1441 materiam

58 1508 62 1543 I
107 1453 192 1520 plenius
206 1463 357 1515 tractamur
373 1459 514 1526 invenies.)

291 1579 342 1645 62.
392 1579 477 1659 Quae
498 1591 543 1642 est
556 1600 662 1662 poeno
676 1576 786 1659 ,furtii

170 1696 207 1762 In
231 1698 332 1763 veteri
360 1697 490 1798 quidem
519 1705 708 1762 testamento
739 1702 806 1757 erat
836 1687 994 1754 restitutio

105 1789 151 1854 pro
166 1781 271 1848 delicti
292 1783 455 1867 qualrtate‚
477 1782 527 1847 vel
549 1779 730 1866 quadrupli,
752 1778 802 1842 vel
825 1772 995 1859 quintupli‚

105 1875 312 1952 1ltmunquem
339 1889 415 1932 vero
437 1867 593 1966 septupli,
622 1867 714 1929 Proc.
737 1863 767 1940 6,
789 1862 839 1927 31.
887 1857 996 1922 Hodie

106 1959 164 2040 Vtro
182 1952 311 2039 capitali
325 1952 490 2053 suspendu
510 1950 667 2051 supplicio
690 1944 912 2034 (consideratis
929 1965 997 2006 cer-

105 2032 346 2121 Ptquibusdam
371 2033 630 2120 cucumstnntris)
665 2056 683 2099 e
716 2028 997 2097 constitutionibus

105 2129 182 2207 mpp.
201 2122 347 2188 afficitur.

159 2237 238 2302 (ude
257 2239 395 2310 peinliche
413 2236 735 2311 Halsgerichtsordnung
753 2240 803 2288 art.
825 2239 872 2288 157
890 2233 977 2302 seqq.)

105 2343 147 2420 63.
180 2360 346 2425 Justumne
366 2372 410 2423 eat
422 2360 515 2442 fures
532 2361 648 2444 punire
670 2356 844 2440 suspendio,
867 2376 936 2415 cum
950 2352 999 2413 lea

210 2447 317 2510 divino
332 2466 468 2530 poenam
489 2443 569 2507 hano
590 2464 651 2504 non
673 2437 866 2521 definiverit?

120 2623 127 2638 ,
172 2554 306 2620 Justum.
351 2551 632 2633 Quemadmodum
653 2551 738 2614 enim
760 2549 837 2613 olim
859 2548 892 2611 in
915 2544 999 2633 poli·

57 2660 60 2689 =
109 2631 144 2693 11⁸
166 2635 326 2715 Mosaica,
357 2659 417 2724 pro
453 2637 576 2703 ratione
609 2634 916 2701 circumstantiarum
950 2628 998 2693 rei

57 2732 60 2741 '
113 2711 227 2801 tblstae,
258 2721 337 2787 furti
364 2745 487 2810 poenae
515 2733 663 2808 poterant
694 2721 745 2785 vel
777 2716 918 2803 mitigari
946 2713 998 2778 vel

112 2808 288 2892 exasperari,
316 2807 361 2872 ita
388 2807 484 2872 etiam
505 2807 539 2871 in
560 2807 674 2893 politia
701 2816 810 2870 nostra
828 2798 998 2867 crescenti-

113 2874 157 2949 bus
172 2891 271 2971 frutis,
293 2892 470 2958 communis
492 2893 580 2978 pacis
602 2903 634 2956 et
657 2888 833 2956 securitatis
855 2906 999 2951 asseren-

116 2961 157 3034 dlt
177 2978 292 3062 gratis,
323 2977 358 3041 in
393 2989 547 3043 terrorem
579 2989 611 3041 et
639 2974 821 3060 exemplum
853 2970 999 3045 aliorum,

117 3067 210 3198 idem
231 3063 407 3129 eorundem
435 3073 641 3149 exasperatae
668 3085 688 3125 a
715 3059 903 3144 magistratu
926 3056 999 3139 jure

141 3159 223 3217 liunt.

800 3254 830 3295 9.
