2250 3772
107 240 174 305 584
281 236 388 322 Caput
408 238 451 303 v.
496 235 549 300 oe
571 200 865 301 5555551555

194 405 303 472 Unde·
326 404 356 472 6.
383 405 418 469 in
444 404 633 491 repetitione
668 402 881 469 institutionis
909 423 1010 469 coenae

108 489 234 555 Paulus
246 511 394 574 expresse
409 491 459 555 vel
475 490 578 555 sexies
591 488 853 555 communionem
868 488 927 555 sub
937 494 1012 553 utro·

108 597 173 660 que
194 587 263 639 tum
284 575 394 660 panis,
422 587 490 640 tum
519 574 586 639 vini
606 572 757 659 symbolo
786 573 850 639 toti
875 572 1013 640 ecclesiae

110 660 319 727 commendat
361 659 428 726 Vid
452 662 480 724 1.
506 662 577 725 Cor.
601 660 652 736 11,
673 660 724 726 26.
747 660 799 724 27.
821 660 876 725 28.

182 776 274 844 (Ratio
302 782 323 832 1.
341 793 360 831 a
375 776 532 832 testimonio
551 781 580 832 et
597 775 747 831 autoritate
765 776 865 831 divina
881 773 1013 832 institutio·

112 844 156 900 nis
174 844 333 915 primaevae
348 845 528 918 ejusdemque
540 845 637 913 lenna,
655 844 691 901 ds
726 844 845 901 uarlde
863 844 1013 911 1155515,

112 917 167 983 26⁸5
188 914 283 972 Marc.
306 908 505 981 14,22,·Luc.
526 917 642 982 22,19;
667 916 691 967 1.
734 932 778 967 or.
798 916 835 967 11
863 916 911 969 23.
944 910 1013 968 Retio

111 988 136 1039 2.
156 980 200 1061 ab·
212 981 337 1053 exemplo
356 981 468 1051 Christi,
486 988 510 1039 3.
529 981 566 1037 55
583 981 708 1052 exemplo
725 955 930 1054 apostolorum,
948 989 972 1039 t.
983 978 1013 1035 ab

111 1056 260 1105 autoritate
284 1051 471 1120 apostolorum
513 1058 536 1106 5.
561 1056 590 1106 55
610 1056 632 1107 6.
656 1050 693 1105 ab
714 1050 846 1122 exemplo
870 1050 1014 1131 primih'ut

111 1118 245 1175 ecclesiae
264 1124 292 1173 et
311 1120 458 1175 autoritate
476 1092 503 1176 b.
515 1118 608 1175 Pauli.
643 1120 756 1173 Efferat
772 1120 865 1193 igitur
877 1118 1014 1191 pontificia,

110 1187 159 1311 pul
178 1186 245 1242 licet
262 1186 444 1242 redemtorem
467 1196 592 1244 nostrum
615 1187 667 1242 hoc
684 1193 894 1244 5555555555
911 1190 942 1245 in
957 1187 1012 1242 dua

131 1273 164 1310 us
182 1254 329 1326 speciebus
347 1256 440 1328 (panis
459 1257 573 1323 etvini)
591 1256 742 1313 instituisse
756 1264 793 1312 et
812 1258 964 1313 tradidisse
977 1254 1013 1311 ia·

109 1329 229 1394 teantur,
249 1326 300 1379 boc
320 1334 414 1379 tameo
431 1345 489 1381 ooo
508 1326 646 1395 obstante,
669 1325 750 1381 alitor
773 1325 830 1381 sibi
851 1326 942 1382 videri
961 1340 1012 1397 pto·

109 1393 264 1529 titillat,
271 1394 945 1535 151151111111515111111111111
950 1396 1013 1518 111

111 1530 261 1585 manicare.
291 1530 356 1586 Vid.
375 1531 483 1587 Gessit.
503 1534 646 1588 Constant.
665 1531 837 1587 celebratum
857 1536 1011 1589 55551115

109 1615 176 1653 sess.
196 1605 234 1656 13.
262 1599 315 1654 vol.
341 1601 438 1655 concil.
459 1607 483 1658 4.
501 1617 567 1672 pag.
586 1605 645 1655 301.
665 1605 723 1655 ³02.
760 1600 875 1661 Concil.
896 1601 1010 1655 fricent

109 1684 175 1722 sess.
197 1674 237 1724 21.
256 1683 316 1722 can.
333 1674 355 1723 1.
368 1675 392 1726 2.
406 1676 429 1725 3.
454 1668 552 1741 anue
568 1668 674 1724 sanctio
692 1667 744 1723 sub
759 1668 1010 1725 excommunicatio

107 1736 150 1790 nis
167 1736 281 1791 fulmine
305 1737 433 1809 religiose
455 1737 628 1794 observanda
648 1738 826 1808 praecipitur.
865 1738 931 1796 Vid.
951 1737 1010 1792 Coa·

108 1806 153 1860 cil.
176 1806 397 1860 Constantiacas.
420 1808 501 1878 alleg.
522 1807 575 1862 loc.
617 1806 663 1863 Sic
682 1822 749 1877 ergo
769 1807 852 1862 laicis
872 1825 939 1861 usus
955 1804 1009 1861 cali·

108 1874 148 1929 cis
166 1883 263 1930 contra
281 1874 483 1930 institutionem
500 1875 602 1930 Christi
619 1875 754 1946 sacrilege
770 1875 955 1932 subtrahitur.
978 1874 1010 1927 tt

276 1960 360 2026 Caro,
378 1960 462 2024 cibas,
480 1961 605 2028 5559515,
620 1968 712 2029 potue,

273 2031 374 2082 Mouet
392 2035 483 2081 tornea
499 2027 629 2082 Christus
645 2037 719 2083 totus

316 2096 374 2149 Sub
391 2103 511 2164 utraque
529 2099 630 2165 epccr'c.

175 2180 228 2232 Nil
246 2181 336 2235 obstat
363 2187 384 2235 1.
403 2182 478 2261 quod
500 2182 605 2251 primae
632 2196 735 2236 coenae
755 2185 870 2233 tantum
890 2180 1008 2235 interius

107 2247 163 2301 rint
181 2249 299 2317 apostoli
315 2266 372 2303 non
389 2249 460 2304 larci.
479 2250 647 2304 Bellarmin.
664 2249 712 2304 lib.
726 2254 750 2304 4.
767 2249 803 2304 de
815 2249 930 2303 enchar.
941 2266 962 2303 c.
975 2253 1007 2302 15.

107 2321 127 2370 t.
147 2322 171 2370 3.
191 2317 243 2370 col.
262 2324 320 2374 155.
337 2318 369 2373 Β.
414 2318 555 2372 Frivolum
582 2320 654 2373 enim
675 2317 728 2372 hoc
753 2324 806 2373 est.
852 2325 877 2374 2.
898 2317 1008 2373 Probent

107 2385 154 2439 isti
170 2384 254 2438 aliam
272 2403 386 2441 coenam
409 2405 459 2458 pro
477 2387 556 2441 laicis
574 2388 737 2443 institutam.
766 2391 791 2442 3.
805 2386 917 2441 Paulus
934 2385 1007 2442 ecclc·

106 2453 164 2508 siae
181 2453 373 2510 Corinthiacus
390 2455 609 2511 communionem
626 2456 676 2510 sub
696 2460 817 2526 utraque
833 2455 1006 2511 commendat

106 2524 195 2595 Atqui
216 2523 332 2578 ecclesia
344 2524 521 2580 Corinthiaco
540 2541 594 2579 non
613 2523 728 2580 excolis
747 2524 951 2593 sacerdotibus,
966 2520 1008 2577 ssd

105 2592 401 2716 1551511111.
412 2594 547 2717 ballii
563 2590 1008 2717 tttlttt‘lttttthl

104 2746 169 2784 nam
187 2730 239 2784 sub
259 2747 316 2784 una
327 2680 428 2801 (ipecie
443 2731 546 2800 (panis)
564 2730 716 2798 celebrarit,
736 2731 806 2785 Luc.
823 2733 871 2784 24.
907 2734 1007 2785 Buces.

105 2800 226 2856 manual.
247 2798 295 2852 lib.
316 2806 338 2854 1.
356 2817 378 2853 5.
392 2806 415 2854 9.
434 2800 469 2854 (15
486 2816 584 2853 comm.
603 2800 655 2853 sub
672 2812 791 2868 utraque
807 2814 868 2868 pag
892 2804 949 2856 240.
970 2794 1008 2850 Da

106 2885 193 2924 coena
217 2868 290 2923 enim
313 2868 496 2939 judicandum
521 2884 554 2921 ex
581 2867 723 2937 primaeva
746 2867 808 2935 ejus
833 2865 1008 2927 institutione,

106 2955 163 2994 non
181 2953 214 2991 ex
237 2937 305 2991 locis
326 2937 449 2993 obscuris
473 2945 501 2991 et
518 2934 707 2993 controversis.
744 2938 766 2988 1.
785 2933 922 2991 Emaunti
939 2932 1008 2990 Chri·

105 3015 165 3063 stus
184 3024 299 3063 coenam
317 3024 373 3062 non
392 3005 551 3074 celebravit,
569 3004 618 3059 sed
636 3004 665 3058 in
682 3020 697 3058 e
717 3003 764 3056 ulo
780 3004 896 3075 vulgari
914 3018 1007 3058 morem

105 3094 187 3133 suum
205 3077 233 3130 in
251 3093 347 3132 mensa
362 3075 527 3129 familiarem
544 3020 733 3129 benedicendo
750 3075 779 3126 et
796 3071 956 3145 frangendo
998 3096 1007 3109 ·

104 3164 169 3202 nem
187 3145 351 3201 observavit.
387 3143 459 3200 Vide
477 3143 579 3196 Mottls.
600 3146 642 3209 14,
660 3145 710 3208 19,
732 3142 865 3195 Murci?
893 3146 928 3207 6,·
970 3138 1006 3193 ob.

105 3220 131 3284 6,
151 3219 192 3269 11.
227 3214 264 3267 Et
288 3213 352 3268 inde
371 3211 513 3282 discipulis
530 3210 585 3265 suis
603 3209 723 3280 agnitus.
758 3214 782 3263 2.
798 3209 853 3264 Est
865 3182 940 3266 baec
958 3222 1005 3285 non

104 3293 163 3342 tam
182 3290 306 3338 veterum
324 3298 407 3353 quam
425 3282 574 3335 multorum
585 3277 789 3350 pontificiorum
801 3279 949 3347 sententia,
966 3290 1005 3347 qu
