2250 3772
105 266 171 334 260
244 264 350 353 Caput
370 266 414 334 ΙΙ
456 267 509 332 Dc
531 267 678 353 symbolo
699 268 884 356 apostolico.

105 432 307 572 metatum
313 434 438 490 confusio
447 441 475 490 at
483 434 641 491 alterutrius
650 440 769 491 naturae
777 436 898 523 abolitio,
909 441 977 495 ctat*

200 504 227 558 t.
274 502 331 560 Ubi
356 505 507 559 notandum
533 504 655 560 axioma:
682 507 755 560 sicut
778 507 809 561 in
831 502 977 577 monuit

106 573 192 626 etium
204 574 235 626 in
250 573 317 642 {pau
336 574 581 628 communicatione
592 575 760 629 idiomatum
770 578 918 646 pertendi
932 576 977 631 du

105 642 137 694 ia
163 641 277 695 ctu-icto
303 650 423 695 naturae
447 658 557 710 cumpca·
581 644 733 697 dictinctao
755 662 791 698 ac
811 646 885 700 citra
906 656 977 701 ouant

107 711 244 763 essentiae
263 718 290 763 ct
326 713 513 780 coprictatum
529 712 723 780 consutionem
741 720 792 767 aut
808 715 977 771 connum

105 786 276 847 perpetuos
306 796 358 833 occ
375 780 514 847 monent.)

144 898 193 965 17.
229 901 328 965 Eatne
348 923 419 964 oeno
441 926 504 965 unu
526 913 554 964 et
575 901 679 963 eadem
700 902 976 967 communicationis

352 985 441 1068 hujus
462 987 644 1049 idiomatum
664 984 770 1050 ratio?

192 1100 277 1165 Non.
310 1098 377 1167 Sed
398 1101 459 1165 tria
478 1112 552 1165 aunt
566 1101 709 1186 ejusdem
722 1100 874 1169 distinata
886 1122 977 1190 gone!

107 1184 305 1267 Quoruml.
328 1186 572 1251 communicatio
593 1185 834 1272 proprietatum.

191 1272 221 1336 2.
244 1267 498 1337 Communicatio
519 1271 702 1355 majestatis.

191 1357 220 1422 3.
244 1355 497 1422 Communicatio
519 1356 783 1442 apotelesmatum
808 1356 875 1423 aive
903 1378 977 1446 oper

105 1439 229 1505 tionum
250 1440 357 1509 officii.

176 1541 251 1607 (Siva
269 1558 381 1613 genera,
399 1541 457 1596 aire
477 1541 589 1613 gradus,
611 1541 668 1595 aire
685 1541 801 1612 species,
820 1543 879 1599 aiva
895 1540 977 1598 ordin

108 1610 167 1665 circ
186 1610 288 1665 clauaea
305 1611 559 1666 communicationis
578 1610 740 1665 idiomatum
758 1611 868 1679 dixctia
884 1610 977 1666 nihili

105 1684 198 1735 terent.
225 1679 340 1734 Interim
357 1686 451 1734 tamen
469 1696 525 1734 non
541 1680 623 1749 plura
641 1696 724 1800 guam
738 1686 899 1735 enumerata
910 1696 977 1762 gana

105 1749 237 1816 tricenae,
251 1754 357 1804 celtum
367 1754 416 1805 eat.
444 1749 516 1814 Quia
528 1748 640 1819 quicqui
669 1748 698 1801 in
709 1752 769 1801 tota
783 1765 862 1803 sacra
871 1748 977 1821 scriptu

108 1819 142 1873 de
161 1817 270 1873 Chiieto
294 1835 344 1888 per
362 1817 638 1873 communicationem
654 1816 818 1871 idiomatum
838 1819 952 1883 dicitur,
971 1832 977 1869 t

106 1886 219 1958 aliquod
236 1886 334 1940 horum
353 1886 436 1941 tiium
454 1902 586 1957 generum
607 1885 703 1939 referri
721 1890 822 1954 potest.
862 1888 943 1942 Nitti
961 1902 977 1943 o

80 1986 84 1993 ·
106 1964 163 2010 atat
184 1964 204 2011 1.
215 1957 290 2027 quod
307 1971 398 2026 neque
416 1955 608 2023 inscriptura,
626 1969 662 2007 ne
683 1971 717 2007 ue
734 1955 763 2007 in
779 1954 932 2011 orthodoxa
941 1970 977 2011 ω·

107 2025 222 2094 quitata,
241 2041 332 2096 neque
350 2024 386 2078 ab
403 2024 463 2093 ipso
479 2024 563 2076 etiam
574 2023 608 2076 D.
619 2022 676 2075 Lut
696 2039 741 2076 aro
759 2022 812 2076 hac
831 2025 927 2079 eadem
941 2040 977 2079 aar

107 2100 216 2148 exstant
234 2094 351 2164 digesta.
383 2092 501 2146 Gesner.
519 2091 553 2145 dc
572 2107 689 2158 persona
707 2090 809 2145 Christi
826 2109 851 2147 c.
863 2094 912 2148 ult.
923 2096 974 2165 pi

106 2179 182 2283 aqu.
220 2162 385 2242 Quanquam
412 2162 484 2216 enim
507 2176 562 2213 non
588 2165 748 2214 enumerent
772 2162 877 2242 gradun
893 2160 977 2217 hauh·

106 2247 153 2301 qur
175 2246 218 2283 em
237 2232 346 2299 ordrne‚
369 2248 426 2285 rem
447 2231 536 2300 ipaam
553 2233 659 2296 tamen,
704 2245 756 2283 uae
774 2230 874 2285 uadem
891 2231 977 2287 contin

105 2305 160 2363 tur,
173 2299 274 2353 diserte
286 2303 414 2366 tractant,
429 2303 458 2351 et
469 2300 503 2353 de
516 2297 614 2351 iisdem
626 2247 843 2354 lucuiantiaaimc
852 2299 904 2356 Bb.
918 2304 977 2371 patr

107 2373 136 2422 et
146 2367 285 2421 Lutherua
302 2368 332 2421 in
345 2367 401 2420 auia
413 2366 522 2437 scriptis
533 2366 680 2420 disserunt.
706 2367 790 2420 Nitazi
799 2368 891 2422 obstat
903 2375 926 2425 2.
936 2382 977 2441 qm

105 2436 211 2490 inutilia
232 2443 259 2490 et
275 2453 347 2489 vana
362 2435 432 2490 haec
453 2435 579 2490 doctrina
589 2434 625 2489 ab
637 2435 801 2489 adversariis
815 2439 977 2506 proclamato

105 2506 251 2560 chterm.
263 2522 388 2577 gymnas.
406 2505 487 2575 logic.
505 2521 569 2575 pag.
586 2510 640 2559 109.
660 2509 688 2558 et
704 2503 752 2558 lib.
767 2510 789 2559 1.
804 2510 915 2576 system.
927 2501 978 2577 logi

105 2592 126 2632 a.
149 2581 172 2630 1.
197 2591 257 2645 cap.
281 2582 302 2628 1.
327 2591 354 2643 p.
374 2578 414 2628 28.
455 2573 508 2627 Eat
533 2572 606 2627 enim
634 2571 791 2627 necessaria
821 2580 842 2629 1.
871 2574 977 2629 doctrin

106 2643 197 2716 gratia
214 2649 239 2698 2.
260 2641 445 2697 distinctionis
465 2640 569 2714 gratia,
587 2647 700 2711 propter
718 2640 977 2699 adversariorum!

105 2713 197 2767 aiones
220 2715 244 2767 ³.
263 2717 291 2767 et
306 2712 496 2782 principalitar
517 2709 601 2764 etiam
620 2715 733 2791 propter
750 2716 854 2765 certam
873 2712 977 2768 diatim

104 2800 167 2838 rum
187 2781 348 2852 Scripturac
366 2781 489 2835 locorum
506 2780 782 2848 interpretationem.)

391 2917 456 2981 DE
477 2915 502 2982 L
525 2913 725 2982 GENERE.

106 3038 155 3105 18.
190 3035 356 3115 Quodnam
376 3049 420 3100 eet
442 3033 581 3117 primum
607 3057 708 3120 genua
736 3036 977 3102 conmunicatio

459 3120 664 3184 idiomatum?

189 3220 329 3302 Quando
360 3220 490 3306 propria
522 3231 706 3284 naturarum
740 3222 977 3289 communicanti

103 3327 259 3394 personae
280 3306 315 3370 in
336 3316 493 3371 concreto.
527 3304 583 3371 Sic
601 3305 731 3370 dicitur:
754 3308 846 3374 Deua
868 3319 916 3375 cat
933 3326 977 3395 pat
