2250 3772
101 242 166 307 480
324 236 431 325 Caput
449 237 509 304 IV.
554 238 605 303 De
628 238 801 324 baptismo.
844 224 852 241 ’

100 409 148 464 ret·
165 407 273 475 riparum
290 414 338 471 eat,
357 406 404 460 lib.
419 412 458 461 ¹0.
477 407 512 461 de
531 406 582 460 eir.
593 405 647 461 Dei
658 412 724 461 bom.
735 414 759 463 5.
778 423 801 460 e.
815 413 840 462 5.
861 406 997 463 stabbla&

104 479 212 534 Graece
231 476 335 530 dicitur
351 475 505 544 μυστήριον
523 482 669 544 secretum,
687 492 830 544 arcanum,
849 477 927 547 eujus
938 482 996 529 noto

103 549 144 602 tio
161 546 237 600 varie
256 563 273 599 a
291 544 374 598 variis
392 546 506 603 eruitur.
536 544 682 615 Accipitur
701 551 798 599 autem
815 550 995 601 sacramanta

103 615 148 670 vel
165 614 282 684 politice
301 619 324 669 1.
344 613 511 685 generaliter
528 630 578 682 pro
593 613 698 667 solenni
716 614 882 683 juramento
898 614 949 667 sire
962 612 997 667 ob·

105 685 239 765 ligatione
269 682 468 736 interveniente
492 684 650 763 juramento
677 682 794 736 sancita.
829 682 876 738 Sic
894 682 997 738 OEenod

106 753 208 807 mrlites
227 751 362 805 dicuntur
379 751 505 805 obstricti
526 758 697 805 sacramento
713 752 894 819 (ammento)
909 750 996 805 militm'

106 822 144 877 ad
161 820 360 890 praestandam
380 819 452 890 Imp.
472 819 645 873 fidelitatem.
671 769 745 876 ville
763 820 826 875 libr.
841 830 862 875 1.
877 820 944 875 offis.
955 824 995 876 ts.

105 910 134 960 p.
154 895 213 946 430.
225 890 260 942 A.
297 889 372 942 Hine
389 888 520 959 loquendi
538 888 687 943 formulae:
714 894 890 944 sacramento
914 904 995 961 rogam

105 963 279 1013 sacramento
299 958 423 1029 adigere,
442 968 615 1012 sacramento
628 957 767 1029 obligare,
784 964 949 1014 sacramento
962 956 995 1011 sb
1027 986 1029 1029 Ι

107 1027 227 1095 solvere,
245 1032 449 1080 sacramentum
466 1042 572 1081 exuere.
606 1032 629 1081 2.
652 1025 821 1096 specialiter
858 1044 889 1081 ro
977 1026 983 1039 '

104 1114 123 1151 a
139 1095 371 1149 contendentibus
399 1095 508 1150 duobus
533 1096 609 1164 apud
634 1095 794 1165 pontificem
824 1044 943 1167 dbposrte
956 1095 994 1149 lut

105 1163 276 1227 conditione,
305 1171 336 1218 ut
367 1165 413 1233 qui
439 1164 577 1232 vinceret,
604 1182 684 1218 suum
703 1176 906 1221 sacramentum
923 1174 992 1235 lpeeuv

106 1232 193 1297 niam)
210 1233 341 1300 auferret,
358 1233 426 1286 victi
443 1249 510 1287 vero
528 1233 632 1288 aerario
650 1233 770 1288 cederet.
807 1232 883 1290 Vide
901 1234 993 1288 Vana

106 1301 153 1358 lib.
173 1308 195 1357 4.
215 1302 250 1354 de
267 1300 299 1354 L.
320 1300 353 1354 L.
373 1318 399 1370 p.
418 1307 459 1356 29.
496 1302 572 1355 Hinc
587 1302 708 1355 formula
724 1302 809 1372 apud.
832 1304 949 1358 Oiossoa.
962 1316 991 1355 ro

106 1377 247 1426 eramento
267 1371 441 1424 contendere.
473 1369 547 1424 Vide
568 1370 615 1424 lib.
630 1378 652 1425 1.
667 1371 703 1425 de
721 1377 790 1426 orat
807 1374 827 1425 t.
842 1380 864 1429 l.
900 1368 991 1428 nott

105 1446 135 1495 et
153 1439 170 1493 l.
191 1445 214 1495 7.
239 1456 254 1492 e
276 1439 318 1492 ist.
342 1439 428 1495 famil.
449 1444 492 1493 32.
518 1446 538 1493 t.
560 1445 581 1493 l.
606 1457 633 1509 p.
655 1446 712 1495 120.
725 1440 758 1493 F.
794 1438 851 1496 Vel
869 1390 991 1507 tloolopm

108 1516 130 1566 1.
155 1456 322 1588 generaliter
345 1524 396 1576 pro
418 1509 516 1579 quavis
539 1524 570 1561 re
595 1524 697 1562 arcana
715 1515 745 1562 et
762 1515 872 1565 secreta
887 1509 939 1563 sire
952 1524 992 1577 my·

106 1584 199 1632 steno.
235 1576 282 1630 Sic
300 1576 425 1647 gentium
443 1577 561 1643 vocatio,
579 1578 683 1646 Epioe.
701 1580 728 1644 3,
746 1580 775 1631 3.
811 1578 991 1632 Chnstietm

105 1645 207 1701 elesiae
219 1645 388 1713 conjunctio,
405 1647 509 1714 Epioe.
521 1650 547 1712 5,
556 1649 603 1713 32,
616 1645 772 1701 incarnatio
786 1646 897 1716 Christi,
911 1652 929 1701 1.
941 1646 990 1699 lia

107 1720 135 1780 3,
154 1718 198 1776 16,
216 1713 351 1768 redemtio
368 1720 471 1795 nostra,
492 1714 597 1768 Colore.
615 1718 639 1783 1,
658 1718 703 1769 26.
739 1714 905 1771 antichristi
923 1728 992 1784 epm·

105 1785 160 1850 tio,
188 1787 213 1835 2.
238 1784 331 1838 Thess.
350 1786 376 1850 2,
399 1785 425 1846 7,
444 1784 575 1836 dicuntur
590 1782 767 1852 mysterium,
786 1786 863 1864 quod
880 1790 950 1841 vens
963 1782 990 1835 in·

104 1859 211 1922 terpres
237 1859 440 1905 sacramentum
466 1852 596 1905 reddidit.
640 1858 664 1906 2.
682 1851 848 1921 Specialrter
867 1872 914 1923 pro
934 1851 991 1921 signo

105 1929 219 1976 externo
237 1938 328 1975 rerum
347 1921 502 1973 divinarum
528 1928 556 1973 et
579 1937 727 1974 sacrarum.
765 1921 812 1976 Sic
829 1940 931 1989 semen,
948 1934 991 1991 gn·

106 2009 173 2045 num
202 1990 306 2059 sinapi,
336 1990 515 2056 fermentum,
543 2006 654 2059 gemma
679 1996 730 2043 etc.
759 1998 825 2045 sunt
849 1992 991 2046 sacramente

104 2059 185 2130 regui
212 2060 364 2124 coelorum,
390 2059 494 2111 Mettis.
515 2061 557 2126 13,
577 2061 602 2110 3.
622 2061 665 2111 31.
686 2062 732 2113 33.
752 2063 797 2114 46.
830 2068 856 2117 3.
874 2056 989 2142 spetialis·

105 2128 173 2181 sime
192 2144 242 2195 pro
257 2128 336 2197 signo
357 2127 471 2197 gratiae,
490 2127 547 2181 sive
567 2127 723 2181 ceremonia
737 2128 872 2183 divinitus
892 2127 989 2182 instituit

105 2197 143 2250 ad
160 2195 358 2264 applicandam
379 2201 407 2249 et
430 2196 631 2267 obsignandam
648 2196 858 2265 promissionem
876 2191 989 2266 evangelii

106 2264 144 2317 Et
166 2264 234 2316 hacc
260 2263 426 2334 significatio
448 2264 532 2334 hujus
556 2264 609 2318 loci
635 2270 677 2318 est
697 2282 747 2334 pro
769 2265 819 2321 ria.
856 2266 909 2323 Sed
923 2272 989 2319 muer

106 2339 149 2386 est
166 2346 220 2384 vox
238 2332 307 2386 haec
327 2331 462 2405 ἄγραφος,
482 2333 548 2403 quia
564 2333 692 2402 nuspiam
710 2282 897 2403 iuberipturs
909 2330 988 2389 veleir

105 2401 251 2468 cumcisio,
269 2401 314 2453 vel
334 2418 423 2472 agnus
441 2402 595 2471 paschalis,
615 2403 660 2456 vel
679 2402 851 2472 baptismus,
868 2404 912 2458 vel
926 2410 986 2477 com!

105 2470 245 2525 dominica
262 2477 467 2524 sacramentum
485 2471 648 2526 nominatur.
692 2472 807 2525 Errant
824 2473 909 2544 igitur
919 2474 986 2541 ponit

104 2539 172 2608 ficii,
192 2540 240 2611 qui
258 2539 405 2609 ἔγγραφον
423 2556 483 2594 esse
500 2544 596 2593 contra
613 2538 667 2595 Dn.
686 2539 843 2595 Lutherum
859 2558 926 2596 vane
938 2548 985 2615 pli·

105 2615 181 2663 nant.
220 2608 293 2663 Nam
310 2609 372 2663 loca
390 2625 462 2678 quae
502 2610 626 2663 roferuut
645 2609 757 2662 notione
796 2610 913 2674 sustuli,
927 2613 983 2662 aer

104 2677 255 2747 improprie
273 2682 448 2733 sacramenta
487 2678 604 2731 icuntur.
648 2677 713 2732 Vid.
735 2680 778 2731 Be
806 2724 810 2731 .
839 2677 983 2733 1.1.dss

105 2763 189 2800 cram.
212 2746 634 2817 carnuntensem.
672 2746 730 2801 Ubi
750 2755 840 2801 uoto:
870 2748 982 2821 Leryt

104 2816 214 2869 tobalea
242 2816 379 2882 apropliia
404 2833 461 2868 aon
485 2824 631 2867 armantur
655 2824 823 2883 arpumento
847 2816 979 2885 apodi'cto

104 2883 206 2954 Itaque
224 2885 316 2937 omnia
334 2890 499 2954 argumenta
517 2883 709 2943 calvinianos,
733 2901 807 2954 quae
829 2902 863 2940 ex
878 2874 977 2938 rombli

104 2952 270 3006 sacramenti
287 2969 401 3022 operose
422 2960 517 3006 contra
528 2953 614 3006 verba
627 2952 728 3007 Christi
746 2959 901 3017 nectuntur,
915 2944 979 3017 obi*¹
1026 2964 1029 2985 ·’

104 3022 182 3076 tilem
199 3026 287 3077 notat.
306 3021 411 3075 elench.
430 3020 601 3091 rejiciuntur.
634 3023 712 3075 Noto
728 3020 766 3078 ΙΙ.
779 3040 833 3076 voa
847 3014 977 3095 eamq*
1023 3028 1029 3091 !

103 3087 975 3215 immitittittettt'ittt'ffit‘t‘ttli
1020 3092 1029 3205 l

104 3178 252 3294 coelesti?
251 3228 309 3282 sive
326 3244 376 3296 pro
396 3228 475 3299 signo
494 3233 523 3281 et
542 3199 564 3279 si
606 3233 652 3282 ato
676 3201 727 3282 sini
760 3270 766 3282 .
810 3229 860 3283 Vol
878 3233 898 3282 2.
911 3227 973 3289 Μ’,
1019 3216 1029 3273 ‘l

104 3296 185 3350 decit.
200 3298 406 3365 proterendo
423 3298 544 3366 siponto.
598 3298 625 3351 el
641 3304 666 3353 3.
674 3315 732 3366 pro
747 3306 835 3367 porte
845 3286 971 3350 ΝΜ
1017 3298 1029 3342 i
