2250 3772
69 257 73 266 '
142 270 236 316 xvm
427 248 577 334 Epistola
599 248 803 314 dedicatoria.

144 432 308 496 senatores,
325 421 480 503 fautores,
496 419 628 502 fratres,
650 420 751 498 amici,
773 431 802 482 et
820 420 984 504 respective
998 419 1062 482 col·

143 507 227 590 leque
249 528 285 568 ac
307 505 418 587 affines
435 503 607 590 plurimum
627 502 804 567 honorandi
833 516 924 588 atque
945 505 1060 587 dilecti,

144 592 189 654 ad
208 611 271 674 uos,
293 591 436 673 inquam,
455 612 502 653 me
523 599 680 666 converto,
702 591 845 671 uobisque
867 590 1007 652 omnibus
1029 599 1061 652 et

66 671 69 679 ’
143 674 273 759 sinqulis
289 673 432 757 paqellus
451 672 541 737 lusce
562 673 757 737 catecheticas
777 675 928 758 inscribo,
950 673 1062 737 inseri

136 771 215 846 ptas
237 760 292 822 sub
315 758 507 823 celeberrimo
532 767 561 822 et
584 757 793 823 honestissimo
814 769 914 822 oestro
935 758 1061 822 nomine

144 846 225 927 typis
241 844 356 927 euulqo,
385 843 544 927 eoulqatas
571 864 642 906 uero
657 843 714 906 isac
728 845 800 929 ipsa
814 838 1060 927 προσφωνήσει

144 929 263 992 solenni
282 929 376 1010 offero
401 938 492 1011 atque
521 926 653 991 cohibeo.
695 929 737 990 Id
764 928 847 1010 quod
859 927 982 1010 faciam
1002 925 1061 987 mi-

144 1014 301 1076 rabuntur
320 1013 462 1094 forsitan
491 1012 597 1086 multi,
628 1011 726 1074 intelli
746 1024 795 1075 ent
829 1022 929 1076 autem
951 1011 1060 1094 pauci.

149 1097 294 1163 Omnium
324 1108 459 1160 oestrum
485 1096 615 1158 honores
643 1035 850 1180 amplissimos
879 1107 907 1160 et
932 1098 1061 1159 virtutes

145 1182 377 1245 laudatissimus
400 1181 504 1264 plenis
532 1180 580 1243 liic
611 1183 776 1245 decantare
809 1182 909 1245 buccis
927 1179 1063 1244 instituti

144 1267 206 1330 mei
225 1287 285 1329 non
309 1277 361 1328 est.
400 1266 523 1330 Eadem
545 1268 727 1329 recensendo
750 1287 928 1329 enumerare
950 1287 1061 1349 super·

147 1372 315 1414 vacaneum
336 1361 388 1415 est.
433 1348 544 1435 Neque
572 1351 652 1414 enim
677 1352 814 1434 idipsum
839 1351 877 1413 ob
904 1371 1009 1412 rerum
1031 1359 1061 1412 et

145 1436 304 1510 dictorum,
323 1436 444 1518 copiam
464 1456 613 1518 possum,
642 1456 737 1517 neque
764 1457 816 1498 oos
844 1437 881 1497 ob
908 1435 1061 1518 insiqnem

144 1520 348 1604 qravitatem,
370 1541 431 1602 qua
447 1519 589 1601 polletis,
613 1530 640 1582 et
662 1520 848 1603 sinqularem
868 1520 1060 1602 modestiam,

145 1627 208 1688 qua
229 1605 424 1666 condecorati
451 1605 538 1687 estis,
571 1605 720 1687 eupetitis.
767 1605 884 1669 Dicent
910 1603 973 1680 illi,
1006 1603 1063 1702 qui

139 1698 275 1773 possunt
281 1709 293 1766 ,·
315 1688 533 1773 approbabunt
554 1689 614 1763 isti,
635 1691 689 1772 qui
710 1699 833 1754 norunt.
869 1688 988 1752 Dicam
1008 1709 1061 1750 m-

146 1774 235 1836 terim
257 1772 384 1855 aliquid.
421 1771 484 1834 Vos
504 1774 664 1837 reuerendi
687 1773 753 1838 Dn.
770 1773 1062 1857 Superiutendentes

140 1858 243 1943 primi
263 1858 436 1920 studiorum
456 1878 592 1920 meorum
614 1857 712 1941 lonqis
735 1857 845 1921 abhinc
867 1859 957 1919 annis
975 1877 1062 1940 pro-

144 1954 277 2006 motores
300 1943 429 2026 fuistis,
453 1963 558 2026 meque
586 1942 620 2003 in
646 1941 828 2006 hodiernum
853 1963 949 2026 usque
979 1942 1062 2003 diem

139 2029 255 2112 fauore
276 2038 376 2090 oestro
404 2025 712 2106 honorificentissimo
740 2028 867 2111 diqnum
880 2025 1062 2110 judicastis,

145 2112 302 2193 variisque
324 2111 474 2191 beneficiis
494 2111 682 2177 curnulastis.
736 2113 796 2175 Vos
817 2111 983 2174 venerandi
1004 2110 1063 2172 do-

146 2196 224 2259 mini
245 2205 402 2277 pastores,
427 2195 551 2277 fratres
571 2196 632 2258 mei
651 2198 684 2259 iu
711 2194 836 2260 Christo
857 2197 949 2274 estis,·
980 2216 1063 2257 unus

147 2301 184 2343 ea
206 2279 314 2340 ordine
334 2289 452 2363 uestro,
487 2281 543 2361 qui
556 2280 784 2343 Butzbacinam
800 2280 955 2343 ecclesiam
975 2280 1063 2362 reqit,

145 2385 313 2448 qermanus
334 2384 418 2426 meus
447 2373 508 2442 est,
533 2366 671 2450 plerique
698 2385 769 2430 vero
791 2375 926 2427 vestrum
948 2364 1009 2425 mei
1027 2363 1063 2424 in

147 2450 306 2512 academia
328 2447 401 2510 clim
416 2447 644 2533 Marqourqensi
655 2449 883 2523 commilitones,
905 2448 1061 2511 condisci-

141 2532 228 2617 puli,
252 2533 409 2595 coaetanei
427 2544 454 2596 et
475 2533 619 2618 collaque,
642 2533 754 2619 reliqui
773 2544 875 2597 autem
897 2535 934 2596 ob
954 2532 1062 2597 erudi-

147 2620 258 2680 tionem
281 2628 309 2679 et
326 2619 467 2680 uirtutem
489 2640 593 2699 suam,
613 2618 745 2702 publica
766 2618 955 2702 officiorum,
984 2636 1064 2700 quae

148 2702 346 2766 laudabiliter
367 2702 634 2786 administrarant,
656 2705 925 2786 commendatione,
948 2726 969 2765 a
987 2723 1063 2784 pue·

147 2789 194 2849 ris
215 2784 293 2849 milti
312 2787 379 2847 noti
389 2786 529 2869 filerunt.
578 2787 640 2851 Vos
663 2789 735 2852 deni
754 2811 790 2852 ue
811 2787 947 2851 consules
970 2796 998 2850 et
1019 2805 1064 2847 se·

148 2882 272 2935 natores
295 2872 532 2953 prudentissimi
556 2872 603 2936 cel
629 2893 663 2935 eo
696 2811 773 2935 mitt
793 2873 913 2934 nomine
933 2868 1064 2953 compet

149 2956 238 3019 landi
265 2956 392 3038 finistis,
429 2959 512 3037 quod
540 2967 657 3019 uestros
689 2957 858 3038 civiumque
890 2966 1064 3018 aestrorum

146 3040 229 3121 filios
252 3041 396 3122 publicae
423 3061 507 3102 meae
536 3041 718 3124 inspectioni
734 3064 772 3102 ac
790 3040 972 3124 disciplinae
992 3040 1065 3103 iude·

150 3148 171 3187 a
194 3125 300 3208 primo
330 3125 457 3187 illustris
484 3124 575 3207 liujus
597 3126 789 3209 paedaqoqii
806 3126 893 3189 initio
915 3145 1064 3188 commen-

152 3210 259 3292 dastis,
282 3210 438 3291 variisque
453 3209 602 3287 beneficiis
615 3230 677 3292 pro
704 3211 792 3293 copia
816 3222 918 3274 uestra
939 3229 987 3272 me
1004 3209 1064 3272 tac

148 3314 244 3377 usque
259 3292 420 3376 prosecuti
435 3291 549 3373 fuistis.
588 3291 673 3372 Quid
693 3296 790 3380 iqitur
809 3295 901 3360 aliter
914 3295 1065 3377 facerem,
