2250 3772
332 220 511 287 Deforme
536 242 654 286 coenae
675 220 862 286 dominicae.
948 221 1012 288 563

97 390 176 462 quod
199 389 364 446 naturaliter
388 395 431 445 est
455 389 596 471 objectum
617 389 760 458 proprium
776 389 926 445 bibitionis.
963 391 1011 445 Se·

97 459 234 519 enudatio
250 476 315 515 vero
332 465 459 514 versatur
476 475 550 512 orrea
566 475 666 527 corpus
686 456 803 527 Christi,
826 459 894 529 paui
918 475 1011 514 sacra·

96 528 258 584 mentaliter
280 528 403 595 unitum,
427 533 455 582 et
472 527 546 582 circa
568 527 732 597 sanguinem
750 526 866 594 Christi,
884 527 949 581 vino
967 545 1011 582 sa·

93 596 303 653 eramentaliter
326 596 443 651 unitum.
485 597 579 668 Atque
602 597 641 649 sic
666 613 722 649 uuo
742 602 769 650 et
793 596 890 651 eodem
908 596 1011 650 instru-

95 671 193 721 mento
212 669 281 734 (ore)
297 670 387 720 totum
405 671 606 719 sacramentum
619 664 743 731 sumitur,
759 669 787 719 et
805 682 862 718 uua
874 670 902 719 et
913 665 1010 719 eadem

93 733 217 790 indivisa
236 741 278 789 est
293 734 471 789 manducatio
485 733 566 804 panis
586 741 614 787 et
630 733 764 803 corporis,
792 751 848 787 una
865 739 893 788 et
912 734 1011 788 eadem

92 802 197 859 bibitio
212 802 271 857 vini
289 810 318 859 et
336 802 480 873 sanguinis
498 801 615 866 Christi,
639 802 769 856 nimirum
788 802 1010 871 sacramentalis3

93 873 180 943 cujus
204 888 261 925 uua
279 879 308 927 et
332 872 392 926 sola
406 888 491 926 causa
507 876 550 926 est
567 872 628 941 ipsa
647 872 713 925 unio
731 871 951 933 sacramentalis,
977 888 1011 925 ex

93 940 365 1023 ipsisiustitutionis
382 940 475 994 verbis
491 940 659 1062 dependens.
685 943 797 1020 Errant
813 939 900 1011 igitur
917 939 1011 994 Calai·

91 1010 509 1148 ttt’ttatttttittl
534 1009 873 1146 tttttttttttt
887 1015 1011 1148 titia?

90 1152 175 1219 ptam
192 1147 296 1202 volunt.
325 1149 404 1201 Beza
421 1146 468 1201 lib.
488 1148 524 1201 de
542 1163 618 1200 coen.
638 1147 711 1199 dom.
730 1153 815 1201 contr.
835 1146 966 1216 Westph.
986 1163 1009 1202 c.

95 1221 138 1272 13.
165 1222 187 1271 t.
208 1222 230 1272 1.
255 1233 284 1286 p.
304 1222 364 1273 225.
401 1218 510 1270 Baaed.
529 1217 677 1270 Thalmoa.
703 1221 782 1270 tract¹
804 1215 839 1270 de
859 1231 946 1270 coena
962 1215 1010 1268 do-

93 1283 163 1340 min.
182 1301 205 1337 c.
227 1291 267 1340 10.
289 1283 309 1342 f.
329 1290 362 1340 48
381 1302 457 1356 seqq.
496 1284 536 1337 As
553 1283 593 1338 sie
609 1284 707 1338 eadem
724 1283 808 1338 litura
826 1288 1010 1337 sacramenta·

90 1353 151 1409 lem
169 1351 314 1423 unionem,
333 1360 468 1424 qnantum
486 1353 538 1423 ipsi
559 1352 671 1423 quidem
688 1357 817 1422 possunt,
838 1357 1009 1423 expungunt,

94 1428 127 1477 et
145 1428 170 1477 2.
190 1421 251 1490 ipsa
268 1422 449 1476 institutionis
468 1421 555 1476 verba
572 1421 699 1475 funditus
725 1426 863 1481 evertunt,
891 1426 919 1476 et
935 1428 959 1476 3.
979 1420 1009 1474 iu

89 1489 242 1571 vulgatum
260 1491 372 1560 epulum
389 1508 503 1545 coenam
521 1495 692 1544 convertunt.
728 1491 789 1543 Nec
809 1491 913 1555 ebetat,
932 1489 1008 1613 quod

91 1558 247 1629 objrciuut,
275 1560 505 1622 sacramentalem
530 1559 603 1612 hauc
625 1558 867 1612 manducationem
891 1564 919 1612 et
956 1557 1008 1612 ibi-

89 1628 199 1682 tionem
218 1645 278 1683 esse
296 1628 526 1698 Caperuaitieam.
560 1630 668 1681 Bnoon.
688 1627 773 1682 instit.
790 1626 873 1681 theol.
893 1634 945 1682 art.
965 1632 1007 1682 48.

90 1702 203 1768 quaest.
223 1700 263 1752 38.
291 1715 318 1767 p.
339 1703 398 1752 676.
445 1696 620 1751 Calumniose
646 1701 674 1750 et
700 1696 778 1749 falso.
813 1694 1009 1765 Capernaitica

89 1764 273 1821 manducatio
291 1766 382 1820 caruis
401 1764 503 1820 Christi
522 1764 556 1818 fit
577 1773 598 1822 1.
611 1765 778 1830 immediate,
797 1769 820 1818 2.
835 1763 1005 1819 naturaliter.

89 1832 135 1889 At
154 1833 362 1889 sacramentalis
383 1839 404 1888 l.
422 1835 561 1888 mediante
574 1850 659 1914 pane,
679 1839 702 1888 2.
720 1831 852 1902 mystice3
871 1837 1008 1903 quatenus

90 1901 202 1957 scilicet
225 1920 289 1957 caro
314 1902 416 1958 Christi
442 1903 508 1972 pani
532 1909 613 1956 un1ta
631 1908 674 1956 est
691 1901 784 1956 divino
800 1901 897 1968 verbo,
924 1902 1007 1955 modo

91 1971 219 2041 coelesti,
238 1971 356 2042 mystico
374 1977 402 2025 et
418 1970 691 2040 incomprehensibili
727 1969 779 2022 Est
796 1969 883 2040 igitur
899 1986 1008 2023 crassus

91 2038 203 2095 elench.
226 2058 314 2122 comp.
339 2039 419 2093 simil.
463 2041 515 2094 Nil
535 2040 624 2093 obstat
645 2044 669 2094 2.
696 2038 771 2108 quod
789 2039 849 2107 ipse
866 2037 1008 2092 Lutherus
1107 2100 1110 2105 .

90 2109 124 2163 iu
154 2108 291 2164 catechesr
322 2109 494 2179 corporalem
520 2108 763 2161 manducationem
789 2107 921 2160 nominat.
968 2107 1006 2160 Τὸ

89 2177 245 2248 corporalis
268 2178 340 2232 euim
359 2194 416 2231 nou
437 2176 648 2258 intelligendum
666 2177 703 2230 de
719 2177 801 2231 modo
819 2175 1008 2231 manducatio·

89 2246 151 2310 nis,
171 2246 221 2300 sed
239 2246 274 2301 de
292 2245 408 2301 veritate
426 2246 559 2315 subjecti,
586 2244 661 2326 quod
679 2245 785 2299 scilicet
801 2244 894 2314 ipsum
910 2262 1007 2300 verum

88 2330 194 2384 eorpus
213 2314 322 2383 Christi,
342 2320 371 2369 et
388 2333 443 2369 non
454 2321 563 2368 tautum
582 2331 691 2385 signum
708 2318 757 2367 aut
772 2313 864 2385 figura
878 2314 1006 2369 comeda·

89 2390 148 2438 tur.
189 2388 211 2437 2.
231 2383 364 2439 Nominat
384 2400 417 2438 co
452 2383 556 2437 oralem
582 2382 617 2436 ab
643 2384 841 2450 instrumento,
865 2385 941 2463 quod
960 2400 1007 2438 ore

89 2451 145 2507 fiat
162 2451 300 2521 corporis,
314 2453 435 2522 juxtaC
455 2451 513 2506 risti
538 2451 653 2506 verbum
672 2453 754 2508 edite.
789 2451 860 2506 Sunt
878 2452 964 2522 igitur
982 2460 1005 2506 4.

90 2520 213 2576 termini.
251 2521 303 2574 Nil
326 2514 418 2574 ohatot
441 2526 466 2577 3.
485 2537 597 2575 carnem
614 2519 716 2574 Christi
739 2536 799 2575 esse
817 2520 910 2574 cibum
928 2520 1008 2590 spiri,

88 2588 199 2644 thalem
226 2605 259 2642 ac
283 2589 399 2659 proinde
421 2589 538 2651 mentis,
574 2607 629 2644 non
656 2589 760 2643 ventris
790 2588 849 2642 sive
876 2588 1006 2658 corporis.

94 2662 209 2714 Bacan.
227 2657 278 2712 loe.
300 2664 342 2715 58.
361 2676 406 2729 qu.
426 2664 467 2713 37.
485 2676 513 2727 p.
531 2661 589 2714 675.
608 2664 636 2713 et
653 2675 679 2728 q.
699 2664 739 2712 62.
759 2675 785 2709 n.
803 2663 826 2713 3.
845 2675 873 2726 p.
887 2663 945 2710 794.
974 2656 1006 2713 Ε.

92 2743 143 2782 ore
168 2726 291 2796 corporis
312 2743 369 2780 nou
392 2743 474 2796 posse
496 2726 591 2796 accipi.
628 2726 705 2781 Vah!
742 2725 827 2788 Quasi
846 2741 912 2780 vero
928 2724 1007 2779 Deus

90 2795 171 2851 bona
190 2795 347 2865 spiritualia
363 2812 419 2849 nou
432 2812 483 2866 per
493 2795 676 2850 iustrumenta
689 2796 747 2849 sire
759 2810 864 2865 organa
875 2811 1007 2864 corporea
1111 2863 1112 2866 Ἴ

88 2863 220 2932 (verbum
237 2864 373 2935 evangelii
398 2869 426 2919 et
443 2870 676 2918 sacramentorum
700 2867 792 2927 usum)
818 2862 1005 2917 distribueret.

90 2938 116 2991 2.
142 2930 181 2985 Τὸ
207 2933 356 3002 miritae-ale
383 2941 409 2986 et
436 2934 624 3002 spiritualiter
642 2931 743 2985 dicitur
765 2930 930 3000 dupliciter.
961 2931 1007 2985 vel

89 3000 224 3057 absolute
250 3006 279 3055 et
306 3001 466 3072 simpliciter
493 3001 563 3056 citra
586 3006 757 3070 respectum,
785 3000 830 3054 vel
854 3001 1007 3055 secundum

88 3069 162 3152 quid
181 3070 238 3124 sive
256 3076 422 3140 comparate.
450 3069 495 3124 Sic
508 3086 572 3123 earo
587 3069 689 3124 Christi
708 3075 750 3122 est
763 3068 866 3122 cibuss
887 3068 1005 3122 in'tualis

89 3137 273 3209 simpliciter,
297 3144 433 3209 quatenus
453 3145 530 3194 extra
544 3138 673 3191 unionem
696 3143 849 3190 sacrament
879 3153 1006 3192 crucum

86 3224 167 3280 pauc
185 3207 392 3275 consideratur,
409 3212 438 3261 et
454 3213 514 3261 turn
532 3223 587 3260 nou
604 3206 657 3260 nisi
673 3222 720 3260 ore
737 3205 803 3260 fidei
820 3206 927 3276 percipi
944 3212 1006 3276 pot-

86 3283 143 3334 est.
178 3274 287 3331 Eadem
311 3293 376 3331 caro
400 3282 443 3330 est
464 3276 543 3330 cibus
565 3275 731 3348 spiritualis,
757 3275 910 3330 secuudum
927 3275 1005 3348 quid,

794 3367 837 3410 3⁰.
