2250 3772
105 3470 180 3544 h

186 248 229 323 32
532 249 585 314 De
605 273 630 317 s.
652 260 761 315 sancta

188 434 215 468 n.
232 420 252 470 1.
273 432 300 485 p.
316 420 354 470 15.
384 413 436 468 Est
452 415 525 468 enim
543 414 633 470 ethic
648 417 754 472 elench.
773 434 791 471 a
807 416 978 488 particulari.
1003 422 1027 472 2.

189 500 271 537 ecura
294 490 358 538 eunt
380 499 436 536 non
459 483 488 537 in
513 496 558 553 re,
580 484 630 539 red
647 486 677 540 in
693 486 787 555 nobit,
810 486 929 542 obscura
945 498 1040 541 amun<

188 551 283 606 oculor
300 558 430 617 naturae,
457 569 513 606 non
535 554 688 609 secundum
704 556 798 611 oculos
814 553 893 610 fidei:
921 554 1040 610 obscure

189 620 312 675 cundum
339 621 451 674 modum
473 620 648 693 intelligendi
670 623 839 689 naturalem,
864 640 921 677 non
943 625 1040 678 cocunt

190 689 302 744 modum
320 688 470 744 doctrinae.
501 690 616 744 Petrum
634 693 790 761 autoritati,
810 692 864 745 rid.
880 693 1019 747 Bctlarm.
1038 719 1040 737 ι

189 777 218 829 p.
240 763 297 813 132.
313 757 347 814 Β.
365 774 450 828 seqq,
474 758 638 829 opponimus
654 771 766 833 patrum
781 761 976 829 autoritatem.)

190 879 241 944 31.
263 876 387 942 Diae'eti
411 882 541 943 obranra
568 893 596 944 et
618 880 802 968 difficiliora,
821 882 1001 966 scripturae
1033 883 1040 945 l

218 962 401 1049 explicanda
417 985 479 1027 aeae
492 987 550 1048 per
566 966 696 1032 clariora
702 989 714 1046 ,·
736 971 817 1032 ande
832 989 902 1030 uero
917 968 1040 1050 eapliea:

388 1060 416 1110 et
438 1051 650 1133 interpretatio
672 1054 734 1115 ieta
749 1050 907 1136 petenda?

276 1158 352 1228 Non
372 1186 412 1228 ex
433 1164 556 1249 privato
579 1169 732 1251 cujusque
754 1186 850 1232 sensu
872 1179 904 1232 et
927 1180 1040 1253 antece]

194 1249 410 1334 opinionibus,
431 1252 461 1314 2.
484 1253 549 1314 Pet.
571 1254 599 1329 1,
621 1254 673 1329 20,
696 1253 752 1316 aed
774 1253 935 1338 exipsius
958 1251 1040 1338 Scri}

192 1356 246 1399 rae
269 1345 419 1398 contextu
441 1346 489 1398 eet
510 1337 658 1400 eruenda.

192 1470 243 1535 32.
276 1469 435 1548 Quaenam
453 1473 485 1534 r'n
507 1473 641 1557 lepitana
659 1471 841 1558 Scripturae
854 1473 1040 1557 interpretat

424 1558 624 1622 attendendae
646 1568 717 1621 annt
735 1556 880 1640 reptilae?

279 1664 486 1728 Potissimum
519 1678 656 1750 septem:
703 1665 728 1728 I.
766 1664 882 1730 Omnis
919 1663 1040 1750 Scripta

194 1749 412 1835 interpretatio
434 1749 509 1812 fidei
531 1751 571 1813 rit
592 1751 744 1836 analoga,
765 1754 858 1815 Rom.
881 1751 931 1826 12,
951 1751 981 1814 6.

264 1866 414 1937 (Analogia
433 1865 498 1921 fidei
516 1868 587 1921 nihil
605 1869 682 1922 aliud
695 1872 746 1930 est,
765 1884 848 1937 quam
860 1872 1027 1921 conataneet

194 1943 282 2007 petua
292 1935 453 2006 scripturae
471 1937 616 2001 sententia,
634 1938 665 1990 in
682 1935 784 2005 apertis
799 1935 959 2004 scripturae
977 1935 1040 1989 locir

194 2003 1040 2145 ttrite,dtttltttttttltttlllt,tttttttttt

195 2143 361 2197 anaema
378 2143 483 2211 capue,
509 2141 668 2212 scripturae
685 2113 768 2196 erclis
787 2148 814 2196 a
837 2141 1040 2196 exromanus·

195 2219 336 2264 ecntanea.
363 2209 446 2264 Facit
463 2210 519 2264 huc
537 2210 608 2264 illud
628 2211 753 2278 Latiari,
772 2210 847 2282 quod
866 2228 900 2265 cx
918 2210 1032 2264 Hilarii

196 2279 231 2332 dc
248 2278 309 2332 trin.
330 2295 357 2348 p.
373 2285 397 2332 7.
419 2278 516 2348 paucis
541 2279 693 2333 immutatis
720 2279 846 2335 adducit:
873 2279 1000 2350 Optimae
1017 2279 1040 2331 in

190 2364 261 2416 pree
286 2347 332 2400 leia
357 2353 411 2413 eet,
438 2348 488 2415 qui
507 2365 616 2401 aeneum
639 2365 653 2400 e
673 2347 825 2415 Scriptura
843 2350 942 2417 potine
964 2348 1039 2400 retal

195 2432 279 2484 paona
298 2414 434 2483 attulerit,
451 2432 501 2468 nec
519 2424 601 2486 rapat
617 2417 669 2470 leae
686 2418 717 2470 in
733 2418 819 2469 dictio
830 2425 986 2471 contentam
1001 2417 1040 2470 nie

195 2486 272 2553 qaod
298 2492 361 2537 ante
384 2484 601 2554 intellipentian
625 2488 726 2540 docere
739 2487 952 2553 praesumserit.
991 2486 1040 2538 Lut

195 2559 289 2608 mart
318 2569 368 2623 per
397 2551 466 2608 buil.
492 2553 578 2611 Leon.
597 2555 634 2610 X„
659 2554 781 2608 damnat
805 2560 870 2610 tr.
897 2553 978 2608 lats.
998 2559 1040 2608 292.

197 2621 422 2703 'Citrietianorunt
440 2623 603 2693 principia,
629 2642 687 2677 non
704 2624 764 2676 aiei
780 2624 866 2678 cerba
882 2624 989 2677 diuina.
1023 2622 1040 2674 1

196 2690 263 2746 ilud.
280 2691 299 2747 f.
321 2696 378 2746 294.
400 2708 423 2745 a.
444 2691 554 2749 Confer.
572 2693 592 2747 f.
616 2698 672 2749 293.
696 2692 736 2758 b.)

281 2808 324 2876 H„
352 2810 468 2877 Omnis
496 2810 679 2900 Scripturae
707 2808 924 2896 interpretatio
951 2808 1040 2872 refert

197 2897 240 2960 ari
259 2897 396 2984 gloriam
417 2896 499 2974 Dei,
531 2899 557 2964 1.
586 2898 723 2963 Corinth.
747 2898 804 2971 10,
823 2897 882 2971 31,
905 2905 936 2958 et
957 2892 1040 2957 aedil

196 2982 316 3046 tionem
340 2980 495 3068 proximi,
519 2985 546 3047 1.
570 2981 706 3045 Corinth.
729 2982 778 3058 14,
800 2981 850 3046 26.

269 3100 287 3167 (
289 3099 385 3152 Omnia
408 3099 575 3168 scripturae
600 3098 795 3167 interpretatio
816 3098 960 3165 referatur
978 3096 1040 3148 ad<

202 3167 320 3221 niumm
337 3167 399 3222 Dei
419 3177 446 3221 et
463 3168 588 3236 preximi
618 3167 737 3234 Anpnct.
762 3165 811 3220 lib.
833 3171 853 3219 l.
871 3165 906 3219 de
923 3163 995 3217 dcet
1014 3162 1040 3217 cl

201 3251 225 3292 c.
243 3241 284 3293 36.
304 3240 325 3289 t.
344 3243 367 3292 3.
385 3237 436 3292 col.
457 3242 497 3291 19.
518 3236 546 3291 (3.
584 3207 649 3289 i'ari
671 3235 779 3290 ratione
802 3233 948 3289 referenda
968 3231 1040 3287 etian

203 3302 350 3359 Christum.
392 3305 544 3374 &raptura
562 3304 647 3374 enim,
664 3304 740 3376 quod
758 3304 899 3358 lactente
916 3299 1040 3371 dicebat,
