<?xml version="1.0" encoding="UTF-8"?>
<!DOCTYPE html PUBLIC "-//W3C//DTD XHTML 1.0 Transitional//EN"
    "http://www.w3.org/TR/xhtml1/DTD/xhtml1-transitional.dtd">
<html xmlns="http://www.w3.org/1999/xhtml" xml:lang="en" lang="en">
 <head>
  <title>
</title>
<meta http-equiv="Content-Type" content="text/html;charset=utf-8" />
  <meta name='ocr-system' content='tesseract 3.04.00' />
  <meta name='ocr-capabilities' content='ocr_page ocr_carea ocr_par ocr_line ocrx_word'/>
</head>
<body>
  <div class='ocr_page' id='page_1' title='image "./dconradidieteri00dietgoog_0698.png"; bbox 0 0 2250 3772; ppageno 0'>
   <div class='ocr_carea' id='block_1_1' title="bbox 112 224 841 311">
    <p class='ocr_par' dir='ltr' id='par_1_1' title="bbox 112 224 841 311">
     <span class='ocr_line' id='line_1_1' title="bbox 112 224 841 311; baseline 0.015 -24"><span class='ocrx_word' id='word_1_1' title='bbox 112 224 176 291; x_wconf 87' lang='lat'>666</span> <span class='ocrx_word' id='word_1_2' title='bbox 304 224 456 311; x_wconf 81' lang='lat' dir='ltr'>Syllabus</span> <span class='ocrx_word' id='word_1_3' title='bbox 478 251 585 293; x_wconf 89' lang='lat' dir='ltr'>rerum</span> <span class='ocrx_word' id='word_1_4' title='bbox 605 240 638 293; x_wconf 88' lang='lat' dir='ltr'>et</span> <span class='ocrx_word' id='word_1_5' title='bbox 658 232 841 299; x_wconf 87' lang='lat' dir='ltr'>verborum.</span> 
     </span>
    </p>
   </div>
   <div class='ocr_carea' id='block_1_2' title="bbox 101 394 1012 3352">
    <p class='ocr_par' dir='ltr' id='par_1_2' title="bbox 110 394 1009 1153">
     <span class='ocr_line' id='line_1_2' title="bbox 110 394 1001 470; baseline 0.004 -21"><span class='ocrx_word' id='word_1_6' title='bbox 110 394 203 449; x_wconf 77' lang='lat' dir='ltr'>Pania</span> <span class='ocrx_word' id='word_1_7' title='bbox 224 410 277 447; x_wconf 84' lang='lat' dir='ltr'>vox</span> <span class='ocrx_word' id='word_1_8' title='bbox 296 395 414 449; x_wconf 81' lang='lat' dir='ltr'>sumitur</span> <span class='ocrx_word' id='word_1_9' title='bbox 437 397 512 450; x_wconf 87' lang='lat' dir='ltr'>varie</span> <span class='ocrx_word' id='word_1_10' title='bbox 537 396 567 449; x_wconf 88' lang='lat' dir='ltr'>in</span> <span class='ocrx_word' id='word_1_11' title='bbox 586 395 732 466; x_wconf 76' lang='lat' dir='ltr'><strong>Scriptura</strong></span> <span class='ocrx_word' id='word_1_12' title='bbox 749 416 772 451; x_wconf 92' lang='lat' dir='ltr'>s.</span> <span class='ocrx_word' id='word_1_13' title='bbox 792 406 852 454; x_wconf 80' lang='grc'><strong>457.</strong></span> <span class='ocrx_word' id='word_1_14' title='bbox 889 402 959 470; x_wconf 85' lang='lat' dir='ltr'>justo</span> <span class='ocrx_word' id='word_1_15' title='bbox 971 398 1001 453; x_wconf 83' lang='lat' dir='ltr'>lr-</span> 
     </span>
     <span class='ocr_line' id='line_1_3' title="bbox 148 463 1002 534; baseline 0.007 -17"><span class='ocrx_word' id='word_1_16' title='bbox 148 463 216 518; x_wconf 88' lang='lat' dir='ltr'>bore</span> <span class='ocrx_word' id='word_1_17' title='bbox 233 464 340 534; x_wconf 82' lang='lat' dir='ltr'>acquiri</span> <span class='ocrx_word' id='word_1_18' title='bbox 357 464 448 519; x_wconf 83' lang='lat' dir='ltr'>debet.</span> <span class='ocrx_word' id='word_1_19' title='bbox 466 470 524 519; x_wconf 78' lang='grc'><strong>438.</strong></span> <span class='ocrx_word' id='word_1_20' title='bbox 553 465 582 517; x_wconf 94' lang='lat' dir='ltr'>in</span> <span class='ocrx_word' id='word_1_21' title='bbox 599 482 726 519; x_wconf 76' lang='lat' dir='ltr'>aecana</span> <span class='ocrx_word' id='word_1_22' title='bbox 743 468 879 521; x_wconf 86' lang='lat' dir='ltr'>naturalis</span> <span class='ocrx_word' id='word_1_23' title='bbox 890 468 1002 523; x_wconf 84' lang='lat' dir='ltr'>adhiben-</span> 
     </span>
     <span class='ocr_line' id='line_1_4' title="bbox 148 532 1003 609; baseline 0.008 -24"><span class='ocrx_word' id='word_1_24' title='bbox 148 532 200 587; x_wconf 92' lang='lat' dir='ltr'>dus</span> <span class='ocrx_word' id='word_1_25' title='bbox 228 539 276 587; x_wconf 84' lang='lat' dir='ltr'>est.</span> <span class='ocrx_word' id='word_1_26' title='bbox 304 532 362 589; x_wconf 81' lang='grc'><strong>536.</strong></span> <span class='ocrx_word' id='word_1_27' title='bbox 408 536 597 604; x_wconf 88' lang='lat' dir='ltr'>cujuscunque</span> <span class='ocrx_word' id='word_1_28' title='bbox 623 533 660 587; x_wconf 92' lang='lat' dir='ltr'>sit</span> <span class='ocrx_word' id='word_1_29' title='bbox 687 535 833 605; x_wconf 82' lang='lat' dir='ltr'><strong>qualitatis</strong></span> <span class='ocrx_word' id='word_1_30' title='bbox 857 545 887 591; x_wconf 91' lang='lat' dir='ltr'>et</span> <span class='ocrx_word' id='word_1_31' title='bbox 908 537 1003 609; x_wconf 74' lang='lat' dir='ltr'>figura</span> 
     </span>
     <span class='ocr_line' id='line_1_5' title="bbox 147 602 1005 677; baseline 0.008 -26"><span class='ocrx_word' id='word_1_32' title='bbox 147 602 214 654; x_wconf 80' lang='lat' dir='ltr'>ibid.</span> <span class='ocrx_word' id='word_1_33' title='bbox 256 608 298 655; x_wconf 88' lang='lat' dir='ltr'>est</span> <span class='ocrx_word' id='word_1_34' title='bbox 318 602 438 655; x_wconf 90' lang='lat' dir='ltr'>medium</span> <span class='ocrx_word' id='word_1_35' title='bbox 461 620 509 656; x_wconf 89' lang='lat' dir='ltr'>seu</span> <span class='ocrx_word' id='word_1_36' title='bbox 534 618 669 673; x_wconf 81' lang='lat' dir='ltr'>organum</span> <span class='ocrx_word' id='word_1_37' title='bbox 691 604 882 660; x_wconf 86' lang='lat' dir='ltr'>distribuendi</span> <span class='ocrx_word' id='word_1_38' title='bbox 904 605 1005 677; x_wconf 84' lang='lat' dir='ltr'>corporis</span> 
     </span>
     <span class='ocr_line' id='line_1_6' title="bbox 147 669 1005 745; baseline 0.008 -22"><span class='ocrx_word' id='word_1_39' title='bbox 147 669 249 724; x_wconf 75' lang='lat' dir='ltr'>Christi</span> <span class='ocrx_word' id='word_1_40' title='bbox 271 670 306 723; x_wconf 84' lang='lat' dir='ltr'>ad</span> <span class='ocrx_word' id='word_1_41' title='bbox 325 671 549 725; x_wconf 88' lang='lat' dir='ltr'>manducandum</span> <span class='ocrx_word' id='word_1_42' title='bbox 568 678 620 725; x_wconf 87' lang='lat' dir='ltr'>ete.</span> <span class='ocrx_word' id='word_1_43' title='bbox 640 671 770 727; x_wconf 85' lang='lat' dir='ltr'>instituti</span> <span class='ocrx_word' id='word_1_44' title='bbox 793 680 852 729; x_wconf 86' lang='grc'><strong>539.</strong></span> <span class='ocrx_word' id='word_1_45' title='bbox 893 676 951 745; x_wconf 67' lang='lat' dir='ltr'>ejus</span> <span class='ocrx_word' id='word_1_46' title='bbox 963 675 1005 729; x_wconf 71' lang='lat' dir='ltr'>na.</span> 
     </span>
     <span class='ocr_line' id='line_1_7' title="bbox 146 739 1007 809; baseline 0.006 -17"><span class='ocrx_word' id='word_1_47' title='bbox 146 739 203 793; x_wconf 89' lang='lat' dir='ltr'>ctio</span> <span class='ocrx_word' id='word_1_48' title='bbox 221 745 264 793; x_wconf 89' lang='lat' dir='ltr'>est</span> <span class='ocrx_word' id='word_1_49' title='bbox 281 741 437 795; x_wconf 83' lang='lat' dir='ltr'>necessarie</span> <span class='ocrx_word' id='word_1_50' title='bbox 455 740 491 793; x_wconf 84' lang='lat' dir='ltr'>ad</span> <span class='ocrx_word' id='word_1_51' title='bbox 513 739 753 809; x_wconf 83' lang='lat' dir='ltr'>distributionem,</span> <span class='ocrx_word' id='word_1_52' title='bbox 799 744 896 798; x_wconf 85' lang='lat' dir='ltr'>uando</span> <span class='ocrx_word' id='word_1_53' title='bbox 914 750 1007 799; x_wconf 82' lang='lat' dir='ltr'>veroet</span> 
     </span>
     <span class='ocr_line' id='line_1_8' title="bbox 147 808 1007 876; baseline 0.006 -16"><span class='ocrx_word' id='word_1_54' title='bbox 147 824 202 876; x_wconf 91' lang='lat' dir='ltr'>quo</span> <span class='ocrx_word' id='word_1_55' title='bbox 219 808 309 874; x_wconf 90' lang='lat' dir='ltr'>modo,</span> <span class='ocrx_word' id='word_1_56' title='bbox 334 826 378 863; x_wconf 88' lang='lat' dir='ltr'>res</span> <span class='ocrx_word' id='word_1_57' title='bbox 397 809 485 862; x_wconf 85' lang='lat' dir='ltr'>libera</span> <span class='ocrx_word' id='word_1_58' title='bbox 503 814 546 863; x_wconf 89' lang='lat' dir='ltr'>cst</span> <span class='ocrx_word' id='word_1_59' title='bbox 578 810 647 861; x_wconf 77' lang='lat' dir='ltr'>ibid.</span> <span class='ocrx_word' id='word_1_60' title='bbox 683 809 760 865; x_wconf 89' lang='lat' dir='ltr'>Vide</span> <span class='ocrx_word' id='word_1_61' title='bbox 809 812 904 867; x_wconf 81' lang='lat' dir='ltr'>raetia</span> <span class='ocrx_word' id='word_1_62' title='bbox 924 822 949 867; x_wconf 82' lang='lat' dir='ltr'>st</span> <span class='ocrx_word' id='word_1_63' title='bbox 963 813 1007 865; x_wconf 78' lang='lat' dir='ltr'>He</span> 
     </span>
     <span class='ocr_line' id='line_1_9' title="bbox 146 876 1006 945; baseline 0.012 -18"><span class='ocrx_word' id='word_1_64' title='bbox 146 877 229 932; x_wconf 80' lang='lat' dir='ltr'>stiae.</span> <span class='ocrx_word' id='word_1_65' title='bbox 263 876 344 945; x_wconf 90' lang='lat' dir='ltr'>panis</span> <span class='ocrx_word' id='word_1_66' title='bbox 362 877 514 931; x_wconf 87' lang='lat' dir='ltr'>eommunis</span> <span class='ocrx_word' id='word_1_67' title='bbox 535 894 602 930; x_wconf 91' lang='lat' dir='ltr'>usus</span> <span class='ocrx_word' id='word_1_68' title='bbox 620 876 702 931; x_wconf 92' lang='lat' dir='ltr'>hodie</span> <span class='ocrx_word' id='word_1_69' title='bbox 724 896 784 933; x_wconf 93' lang='lat' dir='ltr'>non</span> <span class='ocrx_word' id='word_1_70' title='bbox 804 888 849 935; x_wconf 85' lang='lat' dir='ltr'>est</span> <span class='ocrx_word' id='word_1_71' title='bbox 868 899 911 936; x_wconf 91' lang='lat' dir='ltr'>res</span> <span class='ocrx_word' id='word_1_72' title='bbox 930 883 1006 937; x_wconf 79' lang='lat' dir='ltr'>libers</span> 
     </span>
     <span class='ocr_line' id='line_1_10' title="bbox 146 945 1008 1022; baseline 0.005 -24"><span class='ocrx_word' id='word_1_73' title='bbox 146 950 204 999; x_wconf 80' lang='lat'>543.</span> <span class='ocrx_word' id='word_1_74' title='bbox 241 946 405 1015; x_wconf 87' lang='lat' dir='ltr'>sumptionis</span> <span class='ocrx_word' id='word_1_75' title='bbox 423 947 520 999; x_wconf 88' lang='lat' dir='ltr'>modus</span> <span class='ocrx_word' id='word_1_76' title='bbox 542 952 584 999; x_wconf 90' lang='lat' dir='ltr'>est</span> <span class='ocrx_word' id='word_1_77' title='bbox 606 963 650 1000; x_wconf 91' lang='lat' dir='ltr'>res</span> <span class='ocrx_word' id='word_1_78' title='bbox 667 945 768 1001; x_wconf 89' lang='lat' dir='ltr'>libera.</span> <span class='ocrx_word' id='word_1_79' title='bbox 788 956 842 1005; x_wconf 84' lang='grc'>546</span> <span class='ocrx_word' id='word_1_80' title='bbox 857 968 908 1022; x_wconf 88' lang='lat' dir='ltr'>seq</span> <span class='ocrx_word' id='word_1_81' title='bbox 951 949 1008 1005; x_wconf 85' lang='lat' dir='ltr'>Vide</span> 
     </span>
     <span class='ocr_line' id='line_1_11' title="bbox 144 1013 1009 1089; baseline 0.007 -22"><span class='ocrx_word' id='word_1_82' title='bbox 144 1013 229 1067; x_wconf 84' lang='lat' dir='ltr'>etiam</span> <span class='ocrx_word' id='word_1_83' title='bbox 248 1013 345 1066; x_wconf 78' lang='lat' dir='ltr'>Oratis</span> <span class='ocrx_word' id='word_1_84' title='bbox 360 1016 550 1067; x_wconf 78' lang='lat' dir='ltr'>manducatio.</span> <span class='ocrx_word' id='word_1_85' title='bbox 583 1032 640 1069; x_wconf 94' lang='lat' dir='ltr'>non</span> <span class='ocrx_word' id='word_1_86' title='bbox 658 1022 787 1070; x_wconf 85' lang='lat' dir='ltr'>mutatur</span> <span class='ocrx_word' id='word_1_87' title='bbox 807 1018 839 1071; x_wconf 89' lang='lat' dir='ltr'>in</span> <span class='ocrx_word' id='word_1_88' title='bbox 858 1020 946 1089; x_wconf 82' lang='lat' dir='ltr'>ipsam</span> <span class='ocrx_word' id='word_1_89' title='bbox 961 1018 1009 1073; x_wconf 82' lang='lat' dir='ltr'>suh</span> 
     </span>
     <span class='ocr_line' id='line_1_12' title="bbox 145 1082 699 1153; baseline 0.007 -20"><span class='ocrx_word' id='word_1_90' title='bbox 145 1082 274 1136; x_wconf 81' lang='lat' dir='ltr'>stantiam</span> <span class='ocrx_word' id='word_1_91' title='bbox 292 1084 416 1153; x_wconf 90' lang='lat' dir='ltr'>corporis</span> <span class='ocrx_word' id='word_1_92' title='bbox 432 1083 541 1137; x_wconf 81' lang='lat' dir='ltr'>Christi</span> <span class='ocrx_word' id='word_1_93' title='bbox 561 1090 620 1139; x_wconf 83' lang='grc'><strong>576.</strong></span> <span class='ocrx_word' id='word_1_94' title='bbox 640 1090 699 1138; x_wconf 76' lang='grc'><strong>574.</strong></span> 
     </span>
    </p>

    <p class='ocr_par' dir='ltr' id='par_1_3' title="bbox 107 1148 1012 2115">
     <span class='ocr_line' id='line_1_13' title="bbox 107 1148 1009 1221; baseline 0.003 -18"><span class='ocrx_word' id='word_1_95' title='bbox 107 1148 196 1220; x_wconf 86' lang='lat' dir='ltr'>Papa</span> <span class='ocrx_word' id='word_1_96' title='bbox 218 1169 366 1219; x_wconf 78' lang='lat' dir='ltr'>romanon,</span> <span class='ocrx_word' id='word_1_97' title='bbox 388 1152 563 1207; x_wconf 80' lang='lat' dir='ltr'>autoritatem</span> <span class='ocrx_word' id='word_1_98' title='bbox 590 1152 752 1221; x_wconf 82' lang='lat' dir='ltr'>Scripturas</span> <span class='ocrx_word' id='word_1_99' title='bbox 778 1172 801 1206; x_wconf 93' lang='lat' dir='ltr'>s.</span> <span class='ocrx_word' id='word_1_100' title='bbox 820 1155 950 1211; x_wconf 87' lang='lat' dir='ltr'>conferre</span> <span class='ocrx_word' id='word_1_101' title='bbox 966 1170 1009 1209; x_wconf 89' lang='lat' dir='ltr'>non</span> 
     </span>
     <span class='ocr_line' id='line_1_14' title="bbox 145 1220 1011 1291; baseline 0.003 -19"><span class='ocrx_word' id='word_1_102' title='bbox 145 1225 243 1290; x_wconf 87' lang='lat' dir='ltr'>potest.</span> <span class='ocrx_word' id='word_1_103' title='bbox 265 1227 303 1276; x_wconf 86' lang='grc'>19.</span> <span class='ocrx_word' id='word_1_104' title='bbox 332 1237 388 1274; x_wconf 91' lang='lat' dir='ltr'>non</span> <span class='ocrx_word' id='word_1_105' title='bbox 408 1228 451 1277; x_wconf 90' lang='lat' dir='ltr'>est</span> <span class='ocrx_word' id='word_1_106' title='bbox 469 1222 543 1274; x_wconf 89' lang='lat' dir='ltr'>solus</span> <span class='ocrx_word' id='word_1_107' title='bbox 560 1220 695 1291; x_wconf 83' lang='lat' dir='ltr'>interpres</span> <span class='ocrx_word' id='word_1_108' title='bbox 714 1221 803 1277; x_wconf 87' lang='lat' dir='ltr'>illius.</span> <span class='ocrx_word' id='word_1_109' title='bbox 822 1229 867 1279; x_wconf 85' lang='lat'>34.</span> <span class='ocrx_word' id='word_1_110' title='bbox 894 1241 945 1279; x_wconf 87' lang='lat' dir='ltr'>nec</span> <span class='ocrx_word' id='word_1_111' title='bbox 959 1222 1011 1277; x_wconf 85' lang='lat' dir='ltr'>fidei</span> 
     </span>
     <span class='ocr_line' id='line_1_15' title="bbox 144 1288 1011 1363; baseline 0.001 -20"><span class='ocrx_word' id='word_1_112' title='bbox 144 1288 392 1344; x_wconf 86' lang='lat' dir='ltr'>controversiarum</span> <span class='ocrx_word' id='word_1_113' title='bbox 409 1290 497 1359; x_wconf 87' lang='lat' dir='ltr'>judex</span> <span class='ocrx_word' id='word_1_114' title='bbox 514 1308 645 1344; x_wconf 86' lang='lat' dir='ltr'>summus.</span> <span class='ocrx_word' id='word_1_115' title='bbox 670 1296 712 1346; x_wconf 89' lang='grc'><strong>36.</strong></span> <span class='ocrx_word' id='word_1_116' title='bbox 760 1308 821 1345; x_wconf 93' lang='lat' dir='ltr'>non</span> <span class='ocrx_word' id='word_1_117' title='bbox 840 1300 886 1347; x_wconf 86' lang='lat' dir='ltr'>est</span> <span class='ocrx_word' id='word_1_118' title='bbox 903 1292 1011 1363; x_wconf 81' lang='lat' dir='ltr'>pontifex</span> 
     </span>
     <span class='ocr_line' id='line_1_16' title="bbox 145 1357 1012 1429; baseline 0.005 -19"><span class='ocrx_word' id='word_1_119' title='bbox 145 1376 268 1411; x_wconf 90' lang='lat' dir='ltr'>summus</span> <span class='ocrx_word' id='word_1_120' title='bbox 287 1358 321 1413; x_wconf 92' lang='lat' dir='ltr'>N.</span> <span class='ocrx_word' id='word_1_121' title='bbox 339 1359 373 1413; x_wconf 90' lang='lat' dir='ltr'>T.</span> <span class='ocrx_word' id='word_1_122' title='bbox 392 1365 433 1413; x_wconf 98' lang='grc'><strong>37.</strong></span> <span class='ocrx_word' id='word_1_123' title='bbox 471 1375 523 1412; x_wconf 88' lang='lat' dir='ltr'>nec</span> <span class='ocrx_word' id='word_1_124' title='bbox 540 1375 620 1411; x_wconf 84' lang='lat' dir='ltr'>verus</span> <span class='ocrx_word' id='word_1_125' title='bbox 636 1357 729 1411; x_wconf 82' lang='lat' dir='ltr'>ovium</span> <span class='ocrx_word' id='word_1_126' title='bbox 748 1366 860 1429; x_wconf 84' lang='lat' dir='ltr'>pastor.</span> <span class='ocrx_word' id='word_1_127' title='bbox 880 1367 923 1417; x_wconf 84' lang='lat'>39.</span> <span class='ocrx_word' id='word_1_128' title='bbox 955 1360 1012 1414; x_wconf 82' lang='lat' dir='ltr'>nale</span> 
     </span>
     <span class='ocr_line' id='line_1_17' title="bbox 145 1426 1011 1501; baseline 0.001 -20"><span class='ocrx_word' id='word_1_129' title='bbox 145 1426 287 1481; x_wconf 85' lang='lat' dir='ltr'>confertur</span> <span class='ocrx_word' id='word_1_130' title='bbox 307 1445 370 1481; x_wconf 89' lang='lat' dir='ltr'>eum</span> <span class='ocrx_word' id='word_1_131' title='bbox 388 1427 486 1496; x_wconf 82' lang='lat' dir='ltr'>Moyse</span> <span class='ocrx_word' id='word_1_132' title='bbox 505 1434 535 1482; x_wconf 91' lang='lat' dir='ltr'>et</span> <span class='ocrx_word' id='word_1_133' title='bbox 550 1426 643 1493; x_wconf 89' lang='lat' dir='ltr'>Petro,</span> <span class='ocrx_word' id='word_1_134' title='bbox 666 1434 699 1480; x_wconf 90' lang='lat' dir='ltr'>ut</span> <span class='ocrx_word' id='word_1_135' title='bbox 723 1435 754 1481; x_wconf 88' lang='lat' dir='ltr'>et</span> <span class='ocrx_word' id='word_1_136' title='bbox 777 1429 920 1484; x_wconf 85' lang='lat' dir='ltr'>cathedra</span> <span class='ocrx_word' id='word_1_137' title='bbox 942 1430 1011 1501; x_wconf 87' lang='lat' dir='ltr'>ipsios</span> 
     </span>
     <span class='ocr_line' id='line_1_18' title="bbox 145 1495 1012 1564; baseline 0.002 -15"><span class='ocrx_word' id='word_1_138' title='bbox 145 1512 207 1549; x_wconf 92' lang='lat' dir='ltr'>cum</span> <span class='ocrx_word' id='word_1_139' title='bbox 233 1496 330 1548; x_wconf 90' lang='lat' dir='ltr'>horum</span> <span class='ocrx_word' id='word_1_140' title='bbox 356 1496 502 1550; x_wconf 83' lang='lat' dir='ltr'>cathedris.</span> <span class='ocrx_word' id='word_1_141' title='bbox 528 1501 568 1550; x_wconf 86' lang='lat'>38.</span> <span class='ocrx_word' id='word_1_142' title='bbox 595 1501 636 1550; x_wconf 91' lang='grc'><strong>39.</strong></span> <span class='ocrx_word' id='word_1_143' title='bbox 680 1495 802 1564; x_wconf 88' lang='lat' dir='ltr'>Spiritui</span> <span class='ocrx_word' id='word_1_144' title='bbox 829 1516 854 1553; x_wconf 91' lang='lat' dir='ltr'>s.</span> <span class='ocrx_word' id='word_1_145' title='bbox 879 1499 910 1552; x_wconf 92' lang='lat' dir='ltr'>in</span> <span class='ocrx_word' id='word_1_146' title='bbox 935 1498 1012 1553; x_wconf 85' lang='lat' dir='ltr'>multis</span> 
     </span>
     <span class='ocr_line' id='line_1_19' title="bbox 146 1565 1011 1633; baseline 0.006 -16"><span class='ocrx_word' id='word_1_147' title='bbox 146 1565 300 1617; x_wconf 89' lang='lat' dir='ltr'>contrarius</span> <span class='ocrx_word' id='word_1_148' title='bbox 319 1572 368 1620; x_wconf 86' lang='lat' dir='ltr'>est.</span> <span class='ocrx_word' id='word_1_149' title='bbox 387 1571 429 1620; x_wconf 85' lang='grc'><strong>39.</strong></span> <span class='ocrx_word' id='word_1_150' title='bbox 461 1581 517 1618; x_wconf 92' lang='lat' dir='ltr'>non</span> <span class='ocrx_word' id='word_1_151' title='bbox 536 1570 579 1618; x_wconf 88' lang='lat' dir='ltr'>est</span> <span class='ocrx_word' id='word_1_152' title='bbox 595 1568 679 1633; x_wconf 87' lang='lat' dir='ltr'>caput</span> <span class='ocrx_word' id='word_1_153' title='bbox 699 1572 727 1617; x_wconf 88' lang='lat' dir='ltr'>et</span> <span class='ocrx_word' id='word_1_154' title='bbox 743 1565 965 1622; x_wconf 83' lang='lat' dir='ltr'>fundamentum</span> <span class='ocrx_word' id='word_1_155' title='bbox 979 1584 1011 1622; x_wconf 88' lang='lat' dir='ltr'>ec·</span> 
     </span>
     <span class='ocr_line' id='line_1_20' title="bbox 144 1631 1011 1702; baseline 0.002 -16"><span class='ocrx_word' id='word_1_156' title='bbox 144 1631 253 1686; x_wconf 80' lang='lat' dir='ltr'>clasiae.</span> <span class='ocrx_word' id='word_1_157' title='bbox 272 1639 331 1687; x_wconf 78' lang='grc'><strong>333.</strong></span> <span class='ocrx_word' id='word_1_158' title='bbox 369 1650 452 1702; x_wconf 84' lang='lat' dir='ltr'>saepe</span> <span class='ocrx_word' id='word_1_159' title='bbox 471 1633 525 1687; x_wconf 86' lang='lat' dir='ltr'>suit</span> <span class='ocrx_word' id='word_1_160' title='bbox 540 1632 702 1687; x_wconf 86' lang='lat' dir='ltr'>incarnatus</span> <span class='ocrx_word' id='word_1_161' title='bbox 720 1633 866 1692; x_wconf 90' lang='lat' dir='ltr'>diabolus.</span> <span class='ocrx_word' id='word_1_162' title='bbox 886 1642 945 1692; x_wconf 88' lang='grc'><strong>336.</strong></span> <span class='ocrx_word' id='word_1_163' title='bbox 969 1654 1011 1691; x_wconf 88' lang='lat' dir='ltr'>non</span> 
     </span>
     <span class='ocr_line' id='line_1_21' title="bbox 146 1702 1011 1774; baseline 0.002 -19"><span class='ocrx_word' id='word_1_164' title='bbox 146 1708 190 1755; x_wconf 86' lang='lat' dir='ltr'>est</span> <span class='ocrx_word' id='word_1_165' title='bbox 206 1718 349 1755; x_wconf 88' lang='lat' dir='ltr'>successor</span> <span class='ocrx_word' id='word_1_166' title='bbox 366 1702 451 1757; x_wconf 90' lang='lat' dir='ltr'>Petri.</span> <span class='ocrx_word' id='word_1_167' title='bbox 468 1708 526 1757; x_wconf 89' lang='grc'><strong>336.</strong></span> <span class='ocrx_word' id='word_1_168' title='bbox 573 1708 663 1771; x_wconf 90' lang='lat' dir='ltr'>potest</span> <span class='ocrx_word' id='word_1_169' title='bbox 685 1718 780 1757; x_wconf 88' lang='lat' dir='ltr'>errare</span> <span class='ocrx_word' id='word_1_170' title='bbox 807 1712 836 1757; x_wconf 89' lang='lat' dir='ltr'>et</span> <span class='ocrx_word' id='word_1_171' title='bbox 853 1706 965 1774; x_wconf 88' lang='lat' dir='ltr'>saepius</span> <span class='ocrx_word' id='word_1_172' title='bbox 981 1723 1011 1759; x_wconf 92' lang='lat' dir='ltr'>er·</span> 
     </span>
     <span class='ocr_line' id='line_1_22' title="bbox 142 1769 1011 1840; baseline 0.003 -17"><span class='ocrx_word' id='word_1_173' title='bbox 142 1769 223 1823; x_wconf 84' lang='lat' dir='ltr'>ravit.</span> <span class='ocrx_word' id='word_1_174' title='bbox 246 1776 304 1824; x_wconf 86' lang='grc'><strong>341.</strong></span> <span class='ocrx_word' id='word_1_175' title='bbox 351 1787 407 1823; x_wconf 92' lang='lat' dir='ltr'>non</span> <span class='ocrx_word' id='word_1_176' title='bbox 431 1771 506 1825; x_wconf 87' lang='lat' dir='ltr'>solus</span> <span class='ocrx_word' id='word_1_177' title='bbox 528 1775 621 1840; x_wconf 88' lang='lat' dir='ltr'>potest</span> <span class='ocrx_word' id='word_1_178' title='bbox 644 1770 763 1824; x_wconf 89' lang='lat' dir='ltr'>concilia</span> <span class='ocrx_word' id='word_1_179' title='bbox 787 1789 947 1829; x_wconf 82' lang='lat' dir='ltr'>convocare</span> <span class='ocrx_word' id='word_1_180' title='bbox 967 1779 1011 1829; x_wconf 82' lang='grc'><strong>346.</strong></span> 
     </span>
     <span class='ocr_line' id='line_1_23' title="bbox 143 1840 1011 1912; baseline 0.001 -19"><span class='ocrx_word' id='word_1_181' title='bbox 143 1855 199 1893; x_wconf 90' lang='lat' dir='ltr'>non</span> <span class='ocrx_word' id='word_1_182' title='bbox 230 1846 271 1893; x_wconf 87' lang='lat' dir='ltr'>est</span> <span class='ocrx_word' id='word_1_183' title='bbox 294 1857 438 1909; x_wconf 85' lang='lat' dir='ltr'>supremus</span> <span class='ocrx_word' id='word_1_184' title='bbox 467 1840 576 1893; x_wconf 89' lang='lat' dir='ltr'>illorum</span> <span class='ocrx_word' id='word_1_185' title='bbox 608 1856 725 1909; x_wconf 81' lang='lat' dir='ltr'>praeses.</span> <span class='ocrx_word' id='word_1_186' title='bbox 757 1845 819 1896; x_wconf 86' lang='grc'><strong>347.</strong></span> <span class='ocrx_word' id='word_1_187' title='bbox 864 1861 919 1898; x_wconf 89' lang='lat' dir='ltr'>nec</span> <span class='ocrx_word' id='word_1_188' title='bbox 943 1859 1011 1912; x_wconf 84' lang='lat' dir='ltr'>supra</span> 
     </span>
     <span class='ocr_line' id='line_1_24' title="bbox 164 1907 1010 1981; baseline 0.006 -21"><span class='ocrx_word' id='word_1_189' title='bbox 164 1909 265 1963; x_wconf 85' lang='lat' dir='ltr'>uaeris.</span> <span class='ocrx_word' id='word_1_190' title='bbox 286 1910 353 1962; x_wconf 77' lang='lat' dir='ltr'>ibid.</span> <span class='ocrx_word' id='word_1_191' title='bbox 388 1926 443 1961; x_wconf 92' lang='lat' dir='ltr'>non</span> <span class='ocrx_word' id='word_1_192' title='bbox 461 1916 503 1963; x_wconf 88' lang='lat' dir='ltr'>est</span> <span class='ocrx_word' id='word_1_193' title='bbox 514 1907 616 1962; x_wconf 86' lang='lat' dir='ltr'>Christi</span> <span class='ocrx_word' id='word_1_194' title='bbox 633 1908 751 1961; x_wconf 86' lang='lat' dir='ltr'>vicarius</span> <span class='ocrx_word' id='word_1_195' title='bbox 771 1918 823 1963; x_wconf 87' lang='lat' dir='ltr'>aut</span> <span class='ocrx_word' id='word_1_196' title='bbox 840 1929 961 1981; x_wconf 84' lang='lat' dir='ltr'>sponsus</span> <span class='ocrx_word' id='word_1_197' title='bbox 978 1928 1010 1965; x_wconf 87' lang='lat' dir='ltr'>ec·</span> 
     </span>
     <span class='ocr_line' id='line_1_25' title="bbox 144 1925 1009 2050; baseline 0.002 -19"><span class='ocrx_word' id='word_1_198' title='bbox 144 1925 251 2031; x_wconf 70' lang='lat' dir='ltr'>deniae.</span> <span class='ocrx_word' id='word_1_199' title='bbox 273 1983 329 2032; x_wconf 83' lang='grc'><strong>348,</strong></span> <span class='ocrx_word' id='word_1_200' title='bbox 361 1976 414 2047; x_wconf 89' lang='lat' dir='ltr'>ipsi</span> <span class='ocrx_word' id='word_1_201' title='bbox 432 1976 550 2046; x_wconf 85' lang='lat' dir='ltr'>duplicis</span> <span class='ocrx_word' id='word_1_202' title='bbox 564 1978 612 2045; x_wconf 86' lang='lat' dir='ltr'>jus</span> <span class='ocrx_word' id='word_1_203' title='bbox 630 1976 716 2045; x_wconf 82' lang='lat' dir='ltr'>gladii</span> <span class='ocrx_word' id='word_1_204' title='bbox 734 1995 794 2030; x_wconf 92' lang='lat' dir='ltr'>non</span> <span class='ocrx_word' id='word_1_205' title='bbox 806 1983 951 2050; x_wconf 83' lang='lat' dir='ltr'>competit</span> <span class='ocrx_word' id='word_1_206' title='bbox 963 1986 1009 2036; x_wconf 87' lang='grc'><strong>364.</strong></span> 
     </span>
     <span class='ocr_line' id='line_1_26' title="bbox 142 2046 679 2115; baseline -0.007 -16"><span class='ocrx_word' id='word_1_207' title='bbox 142 2064 195 2102; x_wconf 91' lang='lat' dir='ltr'>nec</span> <span class='ocrx_word' id='word_1_208' title='bbox 214 2064 321 2100; x_wconf 86' lang='lat' dir='ltr'>summa</span> <span class='ocrx_word' id='word_1_209' title='bbox 338 2046 457 2099; x_wconf 89' lang='lat' dir='ltr'>clavium</span> <span class='ocrx_word' id='word_1_210' title='bbox 474 2052 603 2115; x_wconf 80' lang='lat' dir='ltr'>potestus.</span> <span class='ocrx_word' id='word_1_211' title='bbox 622 2051 679 2099; x_wconf 80' lang='grc'><strong>365.</strong></span> 
     </span>
    </p>

    <p class='ocr_par' dir='ltr' id='par_1_4' title="bbox 107 2115 1008 2320">
     <span class='ocr_line' id='line_1_27' title="bbox 107 2115 1008 2185; baseline -0.004 -14"><span class='ocrx_word' id='word_1_212' title='bbox 107 2116 263 2183; x_wconf 73' lang='lat' dir='ltr'>Parentes,</span> <span class='ocrx_word' id='word_1_213' title='bbox 289 2116 318 2168; x_wconf 93' lang='lat' dir='ltr'>in</span> <span class='ocrx_word' id='word_1_214' title='bbox 346 2115 478 2185; x_wconf 84' lang='lat' dir='ltr'>decalogo</span> <span class='ocrx_word' id='word_1_215' title='bbox 506 2115 635 2167; x_wconf 90' lang='lat' dir='ltr'>dicuntur</span> <span class='ocrx_word' id='word_1_216' title='bbox 660 2130 755 2167; x_wconf 91' lang='lat' dir='ltr'>omnes</span> <span class='ocrx_word' id='word_1_217' title='bbox 783 2116 952 2183; x_wconf 88' lang='lat' dir='ltr'>superiores.</span> <span class='ocrx_word' id='word_1_218' title='bbox 978 2121 1008 2170; x_wconf 87' lang='grc'>96.</span> 
     </span>
     <span class='ocr_line' id='line_1_28' title="bbox 144 2182 1008 2241; baseline 0.001 -5"><span class='ocrx_word' id='word_1_219' title='bbox 144 2200 238 2237; x_wconf 88' lang='lat' dir='ltr'>eorum</span> <span class='ocrx_word' id='word_1_220' title='bbox 257 2184 349 2238; x_wconf 84' lang='lat' dir='ltr'>officia</span> <span class='ocrx_word' id='word_1_221' title='bbox 371 2190 554 2237; x_wconf 81' lang='lat' dir='ltr'>recensentur.</span> <span class='ocrx_word' id='word_1_222' title='bbox 574 2190 615 2238; x_wconf 84' lang='grc'>97.</span> <span class='ocrx_word' id='word_1_223' title='bbox 650 2182 784 2235; x_wconf 85' lang='lat' dir='ltr'>sanctitas</span> <span class='ocrx_word' id='word_1_224' title='bbox 809 2191 839 2237; x_wconf 90' lang='lat' dir='ltr'>et</span> <span class='ocrx_word' id='word_1_225' title='bbox 864 2186 972 2241; x_wconf 87' lang='lat' dir='ltr'>malitia</span> <span class='ocrx_word' id='word_1_226' title='bbox 985 2184 1008 2237; x_wconf 91' lang='lat' dir='ltr'>il·</span> 
     </span>
     <span class='ocr_line' id='line_1_29' title="bbox 142 2253 720 2320; baseline -0.007 -14"><span class='ocrx_word' id='word_1_227' title='bbox 142 2254 231 2306; x_wconf 91' lang='lat' dir='ltr'>lorum</span> <span class='ocrx_word' id='word_1_228' title='bbox 249 2253 318 2305; x_wconf 88' lang='lat' dir='ltr'>nihil</span> <span class='ocrx_word' id='word_1_229' title='bbox 336 2253 373 2306; x_wconf 86' lang='lat' dir='ltr'>ad</span> <span class='ocrx_word' id='word_1_230' title='bbox 390 2253 499 2306; x_wconf 90' lang='lat' dir='ltr'>liberos.</span> <span class='ocrx_word' id='word_1_231' title='bbox 521 2258 576 2305; x_wconf 85' lang='grc'><strong>764.</strong></span> <span class='ocrx_word' id='word_1_232' title='bbox 596 2259 645 2305; x_wconf 78' lang='grc'>615</span> <span class='ocrx_word' id='word_1_233' title='bbox 664 2267 720 2320; x_wconf 89' lang='lat' dir='ltr'>seq.</span> 
     </span>
    </p>

    <p class='ocr_par' dir='ltr' id='par_1_5' title="bbox 106 2320 795 2388">
     <span class='ocr_line' id='line_1_30' title="bbox 106 2320 795 2388; baseline -0.006 -11"><span class='ocrx_word' id='word_1_234' title='bbox 106 2323 298 2387; x_wconf 75' lang='lat' dir='ltr'>Parsimonia,</span> <span class='ocrx_word' id='word_1_235' title='bbox 317 2322 403 2375; x_wconf 81' lang='lat' dir='ltr'>virtus</span> <span class='ocrx_word' id='word_1_236' title='bbox 424 2321 487 2375; x_wconf 92' lang='lat' dir='ltr'>VII.</span> <span class='ocrx_word' id='word_1_237' title='bbox 508 2337 607 2388; x_wconf 88' lang='lat' dir='ltr'>praece</span> <span class='ocrx_word' id='word_1_238' title='bbox 627 2320 649 2372; x_wconf 91' lang='lat' dir='ltr'>ti</span> <span class='ocrx_word' id='word_1_239' title='bbox 667 2326 716 2372; x_wconf 85' lang='lat' dir='ltr'>est.</span> <span class='ocrx_word' id='word_1_240' title='bbox 737 2323 795 2373; x_wconf 83' lang='grc'><strong>131.</strong></span> 
     </span>
    </p>

    <p class='ocr_par' dir='ltr' id='par_1_6' title="bbox 106 2338 1007 2664">
     <span class='ocr_line' id='line_1_31' title="bbox 106 2338 1007 2456; baseline -0.009 -9"><span class='ocrx_word' id='word_1_241' title='bbox 106 2391 273 2447; x_wconf 81' lang='lat' dir='ltr'>Particulac</span> <span class='ocrx_word' id='word_1_242' title='bbox 300 2392 483 2456; x_wconf 69' lang='lat' dir='ltr'>‹lectitata-ae,</span> <span class='ocrx_word' id='word_1_243' title='bbox 507 2407 562 2442; x_wconf 93' lang='lat' dir='ltr'>non</span> <span class='ocrx_word' id='word_1_244' title='bbox 587 2338 700 2441; x_wconf 67' lang='lat' dir='ltr'>adstant</span> <span class='ocrx_word' id='word_1_245' title='bbox 723 2387 890 2442; x_wconf 88' lang='lat' dir='ltr'>certitudini</span> <span class='ocrx_word' id='word_1_246' title='bbox 917 2390 1007 2443; x_wconf 86' lang='lat' dir='ltr'>salutis.</span> 
     </span>
     <span class='ocr_line' id='line_1_32' title="bbox 144 2455 1007 2523; baseline -0.002 -9"><span class='ocrx_word' id='word_1_247' title='bbox 144 2465 202 2514; x_wconf 76' lang='grc'><strong>386.</strong></span> <span class='ocrx_word' id='word_1_248' title='bbox 233 2478 272 2520; x_wconf 78' lang='lat' dir='ltr'>ca,</span> <span class='ocrx_word' id='word_1_249' title='bbox 292 2460 318 2511; x_wconf 90' lang='lat' dir='ltr'>in</span> <span class='ocrx_word' id='word_1_250' title='bbox 336 2458 395 2513; x_wconf 92' lang='lat' dir='ltr'>loco</span> <span class='ocrx_word' id='word_1_251' title='bbox 415 2459 448 2512; x_wconf 92' lang='lat' dir='ltr'>de</span> <span class='ocrx_word' id='word_1_252' title='bbox 466 2458 603 2510; x_wconf 81' lang='lat' dir='ltr'>creatione</span> <span class='ocrx_word' id='word_1_253' title='bbox 621 2474 675 2510; x_wconf 94' lang='lat' dir='ltr'>non</span> <span class='ocrx_word' id='word_1_254' title='bbox 693 2462 771 2508; x_wconf 80' lang='lat' dir='ltr'>notat</span> <span class='ocrx_word' id='word_1_255' title='bbox 788 2455 819 2509; x_wconf 89' lang='lat' dir='ltr'>C.</span> <span class='ocrx_word' id='word_1_256' title='bbox 840 2460 1007 2523; x_wconf 85' lang='lat' dir='ltr'>materialem,</span> 
     </span>
     <span class='ocr_line' id='line_1_33' title="bbox 142 2525 1007 2592; baseline -0.001 -11"><span class='ocrx_word' id='word_1_257' title='bbox 142 2529 190 2582; x_wconf 92' lang='lat' dir='ltr'>sod</span> <span class='ocrx_word' id='word_1_258' title='bbox 210 2528 342 2581; x_wconf 90' lang='lat' dir='ltr'>ordinem.</span> <span class='ocrx_word' id='word_1_259' title='bbox 362 2534 419 2581; x_wconf 86' lang='grc'><strong>221.</strong></span> <span class='ocrx_word' id='word_1_260' title='bbox 456 2527 665 2592; x_wconf 62' lang='lat' dir='ltr'>exaltatricem</span> <span class='ocrx_word' id='word_1_261' title='bbox 682 2525 802 2578; x_wconf 84' lang='lat' dir='ltr'>articulo</span> <span class='ocrx_word' id='word_1_262' title='bbox 825 2526 861 2579; x_wconf 91' lang='lat' dir='ltr'>de</span> <span class='ocrx_word' id='word_1_263' title='bbox 886 2545 921 2579; x_wconf 88' lang='lat' dir='ltr'>ss.</span> <span class='ocrx_word' id='word_1_264' title='bbox 945 2526 1007 2580; x_wconf 80' lang='lat' dir='ltr'>trini·</span> 
     </span>
     <span class='ocr_line' id='line_1_34' title="bbox 140 2594 1007 2664; baseline -0.001 -13"><span class='ocrx_word' id='word_1_265' title='bbox 140 2604 198 2652; x_wconf 86' lang='lat' dir='ltr'>tate</span> <span class='ocrx_word' id='word_1_266' title='bbox 214 2596 321 2649; x_wconf 90' lang='lat' dir='ltr'>nullum</span> <span class='ocrx_word' id='word_1_267' title='bbox 340 2613 485 2664; x_wconf 88' lang='lat' dir='ltr'>personam</span> <span class='ocrx_word' id='word_1_268' title='bbox 505 2594 661 2649; x_wconf 86' lang='lat' dir='ltr'>excludunt.</span> <span class='ocrx_word' id='word_1_269' title='bbox 681 2600 738 2648; x_wconf 85' lang='lat'>215.</span> <span class='ocrx_word' id='word_1_270' title='bbox 761 2600 822 2647; x_wconf 80' lang='grc'><strong>247.</strong></span> <span class='ocrx_word' id='word_1_271' title='bbox 858 2613 912 2650; x_wconf 89' lang='lat' dir='ltr'>nec</span> <span class='ocrx_word' id='word_1_272' title='bbox 933 2597 960 2649; x_wconf 90' lang='lat' dir='ltr'>in</span> <span class='ocrx_word' id='word_1_273' title='bbox 975 2612 1007 2649; x_wconf 82' lang='lat' dir='ltr'>ar·</span> 
     </span>
    </p>

    <p class='ocr_par' dir='ltr' id='par_1_7' title="bbox 106 2662 1007 2858">
     <span class='ocr_line' id='line_1_35' title="bbox 106 2662 1005 2734; baseline -0.004 -15"><span class='ocrx_word' id='word_1_274' title='bbox 106 2714 109 2719; x_wconf 91' lang='lat'>.</span> <span class='ocrx_word' id='word_1_275' title='bbox 141 2665 226 2719; x_wconf 89' lang='lat' dir='ltr'>ticulo</span> <span class='ocrx_word' id='word_1_276' title='bbox 246 2666 280 2718; x_wconf 93' lang='lat' dir='ltr'>de</span> <span class='ocrx_word' id='word_1_277' title='bbox 298 2665 497 2734; x_wconf 88' lang='lat' dir='ltr'>justificatione</span> <span class='ocrx_word' id='word_1_278' title='bbox 517 2681 626 2717; x_wconf 85' lang='lat' dir='ltr'>causam</span> <span class='ocrx_word' id='word_1_279' title='bbox 645 2662 765 2732; x_wconf 78' lang='lat' dir='ltr'>aliquam</span> <span class='ocrx_word' id='word_1_280' title='bbox 784 2669 847 2716; x_wconf 58' lang='grc'><strong>393.</strong></span> <span class='ocrx_word' id='word_1_281' title='bbox 891 2667 930 2732; x_wconf 81' lang='lat' dir='ltr'>in,</span> <span class='ocrx_word' id='word_1_282' title='bbox 949 2682 1005 2728; x_wconf 71' lang='lat' dir='ltr'>cren,</span> 
     </span>
     <span class='ocr_line' id='line_1_36' title="bbox 141 2733 1007 2797; baseline 0.002 -11"><span class='ocrx_word' id='word_1_283' title='bbox 141 2735 198 2797; x_wconf 79' lang='lat' dir='ltr'>aab,</span> <span class='ocrx_word' id='word_1_284' title='bbox 217 2734 245 2786; x_wconf 92' lang='lat' dir='ltr'>in</span> <span class='ocrx_word' id='word_1_285' title='bbox 263 2735 324 2786; x_wconf 91' lang='lat' dir='ltr'>loco</span> <span class='ocrx_word' id='word_1_286' title='bbox 342 2735 408 2788; x_wconf 85' lang='lat' dir='ltr'>des</span> <span class='ocrx_word' id='word_1_287' title='bbox 437 2750 522 2786; x_wconf 85' lang='lat' dir='ltr'>coena</span> <span class='ocrx_word' id='word_1_288' title='bbox 540 2733 594 2785; x_wconf 92' lang='lat' dir='ltr'>duo</span> <span class='ocrx_word' id='word_1_289' title='bbox 613 2738 717 2785; x_wconf 85' lang='lat' dir='ltr'>notant.</span> <span class='ocrx_word' id='word_1_290' title='bbox 738 2737 798 2785; x_wconf 75' lang='grc'><strong>633.</strong></span> <span class='ocrx_word' id='word_1_291' title='bbox 829 2750 888 2786; x_wconf 93' lang='lat' dir='ltr'>non</span> <span class='ocrx_word' id='word_1_292' title='bbox 899 2734 1007 2788; x_wconf 67' lang='lat' dir='ltr'>inferint</span> 
     </span>
     <span class='ocr_line' id='line_1_37' title="bbox 140 2800 793 2858; baseline -0.012 0"><span class='ocrx_word' id='word_1_293' title='bbox 140 2802 451 2858; x_wconf 83' lang='lat' dir='ltr'>consubstantiationcm</span> <span class='ocrx_word' id='word_1_294' title='bbox 469 2802 513 2855; x_wconf 88' lang='lat' dir='ltr'>vol</span> <span class='ocrx_word' id='word_1_295' title='bbox 530 2800 716 2855; x_wconf 87' lang='lat' dir='ltr'>inclusionem.</span> <span class='ocrx_word' id='word_1_296' title='bbox 733 2804 793 2852; x_wconf 76' lang='grc'><strong>673.</strong></span> 
     </span>
    </p>

    <p class='ocr_par' dir='ltr' id='par_1_8' title="bbox 105 2867 1006 2990">
     <span class='ocr_line' id='line_1_38' title="bbox 105 2867 1006 2990; baseline -0.01 -62"><span class='ocrx_word' id='word_1_297' title='bbox 105 2871 207 2928; x_wconf 71' lang='lat' dir='ltr'>Partis</span> <span class='ocrx_word' id='word_1_298' title='bbox 225 2873 400 2938; x_wconf 79' lang='lat' dir='ltr'>vocabalum,</span> <span class='ocrx_word' id='word_1_299' title='bbox 424 2871 542 2923; x_wconf 87' lang='lat' dir='ltr'>sumitur</span> <span class='ocrx_word' id='word_1_300' title='bbox 559 2870 620 2922; x_wconf 81' lang='lat' dir='ltr'>laxe</span> <span class='ocrx_word' id='word_1_301' title='bbox 635 2885 685 2948; x_wconf 90' lang='lat' dir='ltr'>pro</span> <span class='ocrx_word' id='word_1_302' title='bbox 703 2867 776 2920; x_wconf 92' lang='lat' dir='ltr'>omni</span> <span class='ocrx_word' id='word_1_303' title='bbox 795 2869 941 2990; x_wconf 49' lang='lat' dir='ltr'>reguisito.</span> <span class='ocrx_word' id='word_1_304' title='bbox 961 2875 1006 2924; x_wconf 83' lang='grc'><strong>174.</strong></span> 
     </span>
    </p>

    <p class='ocr_par' dir='ltr' id='par_1_9' title="bbox 104 2935 1006 3078">
     <span class='ocr_line' id='line_1_39' title="bbox 104 2935 1006 3008; baseline -0.009 -12"><span class='ocrx_word' id='word_1_305' title='bbox 104 2941 233 3007; x_wconf 77' lang='lat' dir='ltr'>Pascha,</span> <span class='ocrx_word' id='word_1_306' title='bbox 258 2956 307 2991; x_wconf 90' lang='lat' dir='ltr'>eur</span> <span class='ocrx_word' id='word_1_307' title='bbox 327 2941 370 2994; x_wconf 83' lang='lat' dir='ltr'>dre</span> <span class='ocrx_word' id='word_1_308' title='bbox 393 2939 517 3008; x_wconf 80' lang='lat' dir='ltr'>praecise</span> <span class='ocrx_word' id='word_1_309' title='bbox 540 2938 677 2991; x_wconf 89' lang='lat' dir='ltr'>domimea</span> <span class='ocrx_word' id='word_1_310' title='bbox 698 2935 832 2990; x_wconf 86' lang='lat' dir='ltr'>celebran</span> <span class='ocrx_word' id='word_1_311' title='bbox 854 2956 901 2991; x_wconf 91' lang='lat' dir='ltr'>um</span> <span class='ocrx_word' id='word_1_312' title='bbox 926 2938 1006 2999; x_wconf 82' lang='lat' dir='ltr'>fuerit,</span> 
     </span>
     <span class='ocr_line' id='line_1_40' title="bbox 138 3009 656 3078; baseline -0.01 -14"><span class='ocrx_word' id='word_1_313' title='bbox 138 3009 322 3064; x_wconf 87' lang='lat' dir='ltr'>necessarium</span> <span class='ocrx_word' id='word_1_314' title='bbox 342 3009 457 3078; x_wconf 84' lang='lat' dir='ltr'>cognitu</span> <span class='ocrx_word' id='word_1_315' title='bbox 475 3014 596 3061; x_wconf 90' lang='lat' dir='ltr'>nonest.</span> <span class='ocrx_word' id='word_1_316' title='bbox 615 3012 656 3060; x_wconf 88' lang='grc'>42.</span> 
     </span>
    </p>

    <p class='ocr_par' dir='ltr' id='par_1_10' title="bbox 102 3072 1005 3283">
     <span class='ocr_line' id='line_1_41' title="bbox 102 3072 1005 3146; baseline -0.008 -12"><span class='ocrx_word' id='word_1_317' title='bbox 102 3079 208 3134; x_wconf 61' lang='lat' dir='ltr'>Passio</span> <span class='ocrx_word' id='word_1_318' title='bbox 229 3076 344 3142; x_wconf 75' lang='lat' dir='ltr'>Cla-isti,</span> <span class='ocrx_word' id='word_1_319' title='bbox 370 3077 506 3146; x_wconf 90' lang='lat' dir='ltr'>quomodo</span> <span class='ocrx_word' id='word_1_320' title='bbox 525 3075 698 3128; x_wconf 88' lang='lat' dir='ltr'>adscribatur</span> <span class='ocrx_word' id='word_1_321' title='bbox 715 3072 830 3127; x_wconf 85' lang='lat' dir='ltr'>divinae</span> <span class='ocrx_word' id='word_1_322' title='bbox 854 3076 915 3144; x_wconf 86' lang='lat' dir='ltr'>ejus</span> <span class='ocrx_word' id='word_1_323' title='bbox 938 3084 1005 3126; x_wconf 86' lang='lat' dir='ltr'>natu·</span> 
     </span>
     <span class='ocr_line' id='line_1_42' title="bbox 139 3141 1005 3224; baseline -0.008 -24"><span class='ocrx_word' id='word_1_324' title='bbox 139 3165 188 3200; x_wconf 89' lang='lat' dir='ltr'>rae</span> <span class='ocrx_word' id='word_1_325' title='bbox 218 3152 274 3200; x_wconf 84' lang='grc'><strong>264.</strong></span> <span class='ocrx_word' id='word_1_326' title='bbox 315 3146 408 3199; x_wconf 86' lang='lat' dir='ltr'>differt</span> <span class='ocrx_word' id='word_1_327' title='bbox 430 3162 447 3198; x_wconf 89' lang='lat' dir='ltr'>a</span> <span class='ocrx_word' id='word_1_328' title='bbox 471 3144 529 3224; x_wconf 81' lang='lat' dir='ltr'>pati</span> <span class='ocrx_word' id='word_1_329' title='bbox 549 3145 614 3213; x_wconf 89' lang='lat' dir='ltr'>ipso.</span> <span class='ocrx_word' id='word_1_330' title='bbox 640 3145 724 3221; x_wconf 39' lang='lat' dir='ltr'>ibid..</span> <span class='ocrx_word' id='word_1_331' title='bbox 752 3141 906 3209; x_wconf 89' lang='lat' dir='ltr'>dupliciter</span> <span class='ocrx_word' id='word_1_332' title='bbox 928 3142 1005 3197; x_wconf 89' lang='lat' dir='ltr'>consi·</span> 
     </span>
     <span class='ocr_line' id='line_1_43' title="bbox 140 3212 911 3283; baseline -0.005 -14"><span class='ocrx_word' id='word_1_333' title='bbox 140 3217 259 3269; x_wconf 82' lang='lat' dir='ltr'>deretur.</span> <span class='ocrx_word' id='word_1_334' title='bbox 280 3220 338 3270; x_wconf 87' lang='grc'><strong>297.</strong></span> <span class='ocrx_word' id='word_1_335' title='bbox 374 3214 510 3267; x_wconf 82' lang='lat' dir='ltr'>immerita</span> <span class='ocrx_word' id='word_1_336' title='bbox 527 3217 654 3283; x_wconf 89' lang='lat' dir='ltr'>respectu</span> <span class='ocrx_word' id='word_1_337' title='bbox 673 3212 760 3280; x_wconf 83' lang='lat' dir='ltr'>ipsius</span> <span class='ocrx_word' id='word_1_338' title='bbox 779 3218 832 3265; x_wconf 88' lang='lat' dir='ltr'>est.</span> <span class='ocrx_word' id='word_1_339' title='bbox 851 3218 911 3267; x_wconf 81' lang='grc'><strong>298.</strong></span> 
     </span>
    </p>

    <p class='ocr_par' dir='ltr' id='par_1_11' title="bbox 101 3280 763 3352">
     <span class='ocr_line' id='line_1_44' title="bbox 101 3280 763 3352; baseline -0.009 -12"><span class='ocrx_word' id='word_1_340' title='bbox 101 3284 332 3352; x_wconf 72' lang='lat' dir='ltr'>Paterfamdiaa,</span> <span class='ocrx_word' id='word_1_341' title='bbox 350 3288 472 3352; x_wconf 81' lang='lat' dir='ltr'>parentis</span> <span class='ocrx_word' id='word_1_342' title='bbox 490 3282 600 3335; x_wconf 90' lang='lat' dir='ltr'>nomine</span> <span class='ocrx_word' id='word_1_343' title='bbox 619 3280 701 3334; x_wconf 74' lang='lat' dir='ltr'>venit.</span> <span class='ocrx_word' id='word_1_344' title='bbox 721 3284 763 3334; x_wconf 91' lang='grc'>96.</span> 
     </span>
    </p>
   </div>
   <div class='ocr_carea' id='block_1_3' title="bbox 0 0 1140 3772">
    <p class='ocr_par' dir='ltr' id='par_1_12' title="bbox 0 0 1140 3772">
     <span class='ocr_line' id='line_1_45' title="bbox 0 0 1140 3772; baseline 0 0"><span class='ocrx_word' id='word_1_345' title='bbox 0 0 1140 3772; x_wconf 95' lang='lat' dir='ltr'> </span> 
     </span>
    </p>
   </div>
  </div>
 </body>
</html>
