2250 3772
318 252 372 319 De
392 254 513 320 viribus
532 256 627 322 liberi
648 256 779 325 arbitrii.
946 260 1009 325 327

100 424 131 491 3.
164 424 281 489 Aaron
308 446 380 490 carc
407 438 482 513 poet
513 428 688 493 inchoatam
717 452 737 491 a
764 428 886 514 Spiritu
908 442 1014 495 coacto
1118 414 1124 424 ¹

169 510 394 575 coercionem
418 514 534 576 ciribm
562 513 677 576 nostrie
705 515 824 596 aliquid
843 514 952 577 saltem

443 598 667 681 cooperamur?

190 712 241 776 Na
261 714 423 777 minimam
444 716 574 799 quidem.
630 715 657 778 1.
679 714 778 779 Enim
797 715 1015 781 misericordia

124 794 176 861 Dei
191 818 248 861 nos
268 798 444 883 praevenit,
463 801 580 864 Paolm.
603 799 655 876 59,
679 801 729 865 10.

192 898 220 967 2.
238 898 332 964 Deus
352 898 387 963 in
408 900 502 965 nobis
525 901 646 965 bonum
668 922 749 986 opus
770 900 899 987 incipit,
931 903 1012 971 Phil.

86 1038 89 1061 ξ
130 982 220 1218 {6131-
236 1068 329 1135 Deus
350 1079 399 1135 eet
423 1068 550 1153 adjutor
570 1079 695 1147 noster,
715 1071 834 1135 Pealm.
857 1072 909 1148 28,
932 1073 960 1141 7.
982 1082 1014 1138 et

161 1200 169 1235 ,
221 1202 228 1217 .

196 1254 222 1321 4.
242 1254 335 1319 Deus
356 1254 472 1320 vincte
494 1278 624 1342 suaper
638 1256 734 1321 fidem
749 1256 791 1320 ad
805 1256 939 1321 salutem
953 1280 1012 1322 nos

131 1338 250 1426 cmlcdil,
272 1343 302 1405 l.
323 1341 408 1407 Patr.
429 1342 459 1426 1,
480 1340 510 1408 5.

195 1441 222 1509 5.
242 1442 334 1507 Deus
354 1463 421 1505 nce·
433 1441 568 1527 perficit,
590 1443 756 1507 confirmet
778 1452 810 1508 et
825 1442 1013 1521 consolidat,

134 1518 157 1585 l.
171 1522 241 1591 Patr.
261 1526 294 1604 5,
317 1526 367 1591 10.

194 1626 257 1693 Nos
285 1649 352 1691 non
378 1624 571 1691 sufficientes
599 1648 708 1691 eumue
730 1628 871 1715 cogitare
892 1629 1014 1713 aliquid

131 1726 163 1771 ex
176 1711 268 1797 nobie,
292 1709 386 1797 quasi
407 1733 448 1775 ex
468 1712 571 1796 nobie,
593 1713 622 1780 2.
640 1714 775 1781 Corinth.
790 1714 821 1789 3,
842 1714 872 1777 5.
908 1716 1011 1779 Multo

86 1796 88 1802 ’
134 1810 186 1877 wo
199 1804 297 1863 minue
319 1797 366 1860 ccl
383 1799 506 1881 operari
523 1797 569 1860 cel
590 1800 752 1882 cooperari
768 1806 952 1882 postumani

182 1912 378 1978 (Conversicnis
403 1930 470 1985 ergo
494 1919 606 1968 nostrae
622 1920 651 1969 et
672 1913 782 1967 initium
800 1920 828 1967 et
846 1915 967 1968 medium
985 1920 1014 1969 et

86 2014 88 2020 ,
129 1972 215 2037 insin
228 1982 349 2038 solidum
376 1989 441 2036 sunt
462 1983 586 2053 gratuita
604 1989 632 2035 et
651 1999 687 2036 ne
707 1982 855 2052 quicquam
873 1982 947 2036 illius
965 1999 1014 2037 nc-

128 2048 224 2106 tlrcrcm
239 2066 364 2122 operum.
400 2052 454 2105 Nil
471 2053 570 2119 chatet,
597 2051 673 2122 quod
689 2050 742 2105 hac
759 2051 867 2105 ratione
883 2051 1014 2106 voluntas

129 2120 201 2175 Rha
219 2121 249 2175 in
272 2119 450 2175 conversione
474 2136 504 2174 se
524 2136 598 2174 mere
615 2121 725 2189 passive
742 2119 851 2176 habeat.
889 2119 923 2173 In
940 2125 1015 2175 stetu

132 2196 225 2259 mque
241 2188 350 2245 arbitrii
369 2189 538 2243 secundare
556 2204 652 2243 revere
669 2204 744 2242 mere
756 2189 864 2259 passive
876 2189 969 2258 habet,
987 2194 1016 2244 et

132 2250 203 2313 silla
267 2263 322 2325 tur,
340 2258 511 2328 quiacmnes
526 2259 587 2327 ejus
603 2257 674 2326 vires
694 2256 731 2311 ed
743 2257 899 2339 spiritualia
913 2258 1014 2312 exstin-

130 2324 183 2397 ᾔει
224 2344 243 2381 n
266 2326 351 2381 tertio
371 2342 437 2380 vero
465 2330 540 2380 statu
565 2326 650 2380 habet
669 2341 699 2379 se
716 2335 814 2393 active,
832 2326 886 2382 hcc
908 2334 963 2395 est,
985 2327 1016 2381 in

129 2400 252 2513 mmm
270 2394 456 2449 conversionis
468 2396 596 2449 voluntas
614 2402 724 2448 non-est
739 2397 835 2462 otiosa,
852 2413 942 2466 neque
956 2396 1016 2450 sine

185 2469 257 2519 notu
275 2471 325 2518 aut
341 2479 425 2519 sensu
442 2469 474 2517 ut
492 2468 619 2530 truncus,
644 2465 694 2517 sed
710 2471 786 2519 meta
806 2471 834 2519 et
850 2481 982 2518 conversa
998 2481 1017 2518 a

134 2522 215 2594 Spiritu
230 2538 329 2587 senctc
347 2532 486 2587 consentit
503 2532 615 2602 etegit.
645 2532 685 2585 At
703 2531 751 2586 ille
770 2539 860 2586 motus
879 2549 967 2587 novus
987 2537 1016 2586 ct

129 2588 198 2671 lmus
214 2600 364 2657 voluntatis
388 2618 444 2655 non
466 2606 509 2655 cst
532 2600 567 2655 de
593 2600 712 2655 essentia
730 2601 895 2669 voluntatis,
917 2600 1015 2654 sedin

130 2676 176 2729 Ψ·
189 2670 327 2725 voluntate
344 2671 365 2724 S
384 2668 465 2723 iritns
482 2687 503 2724 s.
522 2676 565 2724 est
582 2686 660 2738 opus,
678 2669 726 2751 qui
740 2669 892 2724 efficaciter
902 2685 1015 2723 concen-

131 2744 178 2787 Ιιι
190 2744 322 2810 operetur.
382 2746 479 2791 catam
495 2739 599 2808 europe
613 2738 726 2807 Spiritu
736 2757 758 2795 a.
780 2739 944 2792 accenditur
963 2738 1015 2804 (re-

130 2806 244 2879 mrem)
260 2807 401 2870 calcator,
420 2815 453 2859 eet
470 2807 536 2861 ioco
550 2808 669 2875 possint,
686 2808 755 2876 quic
770 2809 813 2860 cic
828 2807 931 2872 voluat,
949 2806 1015 2859 idac

131 2880 163 2921 Μ
174 2877 259 2941 utar,
321 2876 327 2888 '
362 2878 443 2929 Deae
459 2883 595 2946 operator
612 2884 643 2929 nt
658 2877 753 2937 velint,
772 2875 892 2944 Aaqact.
904 2874 939 2928 de
956 2890 1015 2928 cor·

130 2946 227 3065 azot
240 2950 312 3017 grat.
326 2961 351 2999 c.
365 2949 405 3001 12.
424 2949 443 3000 t.
455 2950 479 3000 l.
499 2943 552 2999 ccl
564 2949 638 2999 1345.
675 2946 787 2997 Frrcra
804 2945 889 3014 igitur
908 2949 930 2998 1.
945 2960 1016 3023 oco·

132 3010 502 3137 anthelm
517 3012 769 3153 ils-'lirigfiilt
790 3012 892 3135 itit
909 3010 1017 3135 {llll

132 3136 220 3204 Eum
237 3157 261 3207 2.
280 3120 469 3218 cyaticam,
495 3150 543 3220 qui
567 3149 612 3204 vel
637 3148 805 3204 modiculum
823 3148 935 3220 aliquod
954 3149 1017 3203 reli-

130 3216 196 3271 llwn
215 3219 244 3275 in
266 3218 376 3273 homine
400 3218 534 3273 mansisse
559 3219 744 3286 contendunt,
768 3217 842 3271 unda
862 3235 896 3272 ex
913 3234 943 3272 se
960 3234 1017 3272 mo

128 3283 196 3340 mli
212 3289 318 3360 eliqnid
334 3288 371 3341 ed
383 3288 588 3343 conversionem
602 3287 710 3344 afferat.
741 3287 923 3341 Scllaceealb.
935 3287 1017 3342 catal.
