2250 3772
136 228 200 295 332
272 226 379 312 Caput
400 224 444 291 Π.
486 225 540 289 De
560 223 708 311 symbolo
730 222 913 310 apostolica.

136 393 256 466 quisivit,
274 395 373 448 Actor.
397 398 444 462 20,
462 397 508 450 28.
544 398 569 450 3.
587 392 614 446 A
632 393 728 474 relato,
748 392 816 474 quia
832 392 894 463 ejus
909 394 968 471 cett

135 481 191 525 cua,
212 464 287 533 Ept.
298 468 323 532 5,
336 467 380 520 23.
414 463 496 520 Unde
515 479 532 516 a
550 461 707 543 conjugans
725 460 828 516 dicitur
846 460 968 517 eccleaur

137 533 235 587 atiena
273 532 306 586 ln
331 531 445 602 speciali
463 530 666 611 significatione
690 530 825 585 hocloco
842 528 968 599 accipitur

135 608 217 656 coetu
234 606 395 656 vocatorum
411 616 576 671 promiscuo.
608 597 740 653 Definitio
760 604 871 653 constat
885 596 968 653 matari

135 670 232 726 forma.
267 670 387 724 Materia
404 686 438 723 ex
458 685 514 739 qua
531 673 574 723 eat
591 675 694 736 coetus,
721 674 750 722 et
768 666 881 740 quidem
897 664 968 720 homi

135 745 207 810 puta
224 739 383 808 quorumvis
402 746 430 793 ct
448 737 570 791 cu’uaria
591 736 695 817 gentis,
714 736 829 793 aetatis,
846 752 933 800 cerua,
948 751 968 789 u

135 806 237 888 tiorum,
261 805 327 861 Gal.
346 810 373 875 3,
391 810 435 860 28.
470 755 553 887 &nde
575 806 623 887 luc
642 812 737 886 coetus
754 805 968 895 appellaturpol

134 876 405 1024 latiali
423 874 719 999 rettulere.
749 876 968 1024 ululat

136 1012 454 1069 christ.an1m.o.5.r
481 1011 585 1068 lide.
624 1013 668 1066 De
685 1012 729 1065 hia
751 1029 826 1067 emm
842 1015 959 1083 negatur

135 1081 205 1137 nitio
224 1081 363 1137 ecclesiae.
402 1080 561 1137 tchriatus
579 1098 626 1136 eor
644 1097 700 1134 non
716 1081 842 1149 redemit,
860 1094 968 1135 naemu

135 1150 189 1214 ait,
218 1151 305 1203 Hehr.
325 1154 420 1220 2,16;
447 1167 499 1204 neo
525 1157 550 1205 2.
587 1167 617 1204 er
635 1165 706 1204 evan
727 1149 813 1204 elium
829 1155 924 1213 vocat,
948 1165 968 1201 n

135 1218 192 1300 illia
209 1217 334 1274 remissio
351 1226 528 1290 peccatorum
546 1168 667 1273 offertur.
736 1236 767 1272 ec
787 1220 889 1285 obstat,
907 1215 968 1297 quot*

136 1288 193 1411 {3311
211 1287 341 1343 dicuntur
362 1288 457 1357 electi,
476 1293 500 1345 1.
522 1289 592 1342 Tim.
612 1291 642 1357 ⁵,
662 1290 707 1341 21.
743 1287 811 1343 vid.
828 1289 968 1341 Bucam

169 1357 257 1428 eclog.
276 1364 326 1411 ert.
345 1363 387 1412 41.
405 1376 450 1428 qu.
473 1363 511 1413 16.
529 1375 556 1427 p.
577 1363 634 1412 464.
670 1356 718 1409 Fit
745 1356 819 1410 enim
838 1355 905 1424 hoc,
928 1352 968 1425 qui

138 1425 312 1481 beatitudine
338 1426 481 1495 primaeva
507 1424 670 1480 confirmati.
704 1425 807 1479 Forma
833 1424 968 1495 exprimit

137 1510 222 1548 causa
238 1493 383 1551 efficiente.
419 1494 551 1550 Efficiena
576 1493 631 1548 κατ’
656 1493 753 1563 ἐξοχὴν
770 1500 813 1548 eat
831 1492 968 1559 Christus,

136 1568 230 1616 tamen
253 1563 338 1619 Pater
362 1569 391 1618 et
413 1564 432 1621 S
453 1564 533 1618 iritus
559 1568 672 1617 sanctrra
695 1580 752 1617 nou
771 1561 968 1627 excluduntur,

136 1631 324 1688 includuntur.
358 1639 381 1687 2.
393 1633 421 1687 A
438 1634 536 1713 juncto
549 1631 718 1686 collectionis
730 1631 821 1685 modo.
852 1630 968 1685 Modus(

135 1700 340 1755 instrumentali
370 1702 489 1771 duplici,
519 1708 547 1756 et
574 1700 708 1770 subjectio
731 1700 968 1781 eorundemquer

136 1770 271 1840 qualitate
290 1771 453 1838 declaratur,
473 1771 547 1841 quod
565 1775 681 1825 vocatur
698 1786 748 1839 per
764 1768 968 1822 miniatenumt

34 1898 41 1915 ι
135 1839 210 1910 gelii.
252 1839 309 1895 Ubi
337 1847 358 1894 1.
381 1856 482 1894 causac
501 1839 680 1893 administrae
701 1841 961 1907 praesupponuntur

135 1908 208 1977 rtoli,
226 1908 422 1980 evangelistae,
439 1914 573 2030 gustares,
589 1907 724 1973 doctores,
744 1907 857 1974 lupar,
873 1910 915 1963 11.
950 1909 968 1959 2.

136 1977 279 2032 nictarium
299 1978 421 2033 continet
458 1994 508 2031 uo:
528 1982 550 2031 1.
569 1976 803 2047 praedicationem
823 1974 910 2030 verbi.
945 1978 967 2028 2.

135 2046 365 2101 ministrationem
382 2051 625 2111 sacramentorum,
643 2060 716 2115 quac
733 2043 876 2098 ordinaria
893 2048 955 2097 aunt

135 2113 173 2167 tia
190 2115 291 2182 media,
310 2117 414 2169 Mattk.
424 2119 468 2182 28,
478 2118 520 2168 19.
539 2118 578 2168 20
588 2123 639 2171 etc.
668 2119 692 2168 3.
711 2113 838 2183 Subjecti
855 2112 968 2181 relataq

134 2186 179 2235 tac
197 2189 309 2237 notatur
334 2191 355 2238 l.
375 2184 490 2238 termino
510 2200 527 2237 a
544 2201 610 2254 quo:
637 2199 671 2237 ex
688 2183 816 2236 universo
835 2181 953 2246 mundo,

137 2252 179 2313 17,
198 2254 222 2303 6.
242 2255 292 2312 15,
319 2251 367 2306 ubi
385 2270 435 2322 per
453 2256 604 2322 metonym.
624 2251 742 2320 subject.
758 2250 968 2319 intelliguntur:

135 2316 166 2371 in
183 2318 310 2374 universo
328 2319 395 2375 orba
412 2321 536 2391 dispersi.
564 2327 587 2376 2.
607 2319 737 2374 Termino
756 2319 793 2372 ad
810 2336 894 2389 quem
911 2334 957 2373 aeu

136 2385 174 2440 ad
198 2403 314 2458 regnum
340 2389 394 2443 Dei
422 2396 607 2445 evocatorum.
642 2388 699 2444 Ubi
724 2388 824 2441 iterum
847 2386 968 2457 synecdo

134 2454 301 2526 intelligitur
316 2475 434 2527 regnum
453 2459 627 2528 potissimum
646 2457 761 2528 gratiae.
797 2456 921 2511 Proinde
938 2460 961 2511 ³.

132 2523 210 2594 jecta
237 2527 297 2595 ipra
319 2532 384 2580 aunt
401 2527 526 2582 homines
549 2526 655 2592 vocati,
682 2543 798 2595 quorum
817 2524 921 2579 effecta
936 2522 969 2589 oh

135 2593 241 2662 duplici
275 2595 474 2664 subjiciuntur:
517 2602 540 2651 1.
567 2595 745 2649 moramentis
771 2592 829 2662 uti3
864 2598 890 2650 2.
917 2609 968 2661 cml

134 2662 260 2717 verbum.
296 2670 319 2719 3.
337 2665 482 2734 Adjuncta
499 2665 632 2734 qualitas:
660 2662 735 2744 quod
759 2661 807 2715 alii
830 2667 897 2716 aunt
914 2676 968 2715 ran(

135 2730 224 2790 electi.
241 2734 322 2787 Rom.
335 2737 358 2801 8,
377 2737 423 2802 29,
444 2733 492 2787 alii
510 2750 566 2787 non
583 2738 672 2786 renati
689 2738 718 2786 et
734 2731 907 2800 hypocritae
935 2730 968 2783 m

134 2797 221 2870 igitur
240 2804 426 2865 Donatistae,
456 2803 574 2856 Gothori
597 2809 623 2853 et
648 2800 869 2867 Anabaptr‘atue,
897 2798 968 2869 qui<

135 2875 244 2923 coetum
264 2869 401 2925 visibilem
421 2870 553 2925 eccleciae
579 2887 634 2924 non
651 2869 703 2922 niai
722 2885 738 2923 e
758 2867 861 2922 sanctio
879 2876 909 2923 et
923 2882 968 2921 ver

134 2937 208 2991 natis
231 2945 357 2993 constare
382 2939 484 2994 debere
503 2938 643 2994 dimicant.
679 2937 830 3005 Λαμπετίη.
848 2936 898 2994 lib.
917 2942 968 2993 dc

136 3006 215 3077 epist.
245 3007 371 3063 Parmen.
397 3013 460 3062 tl.
487 3007 538 3061 col.
559 3014 600 3063 59.
613 3007 646 3060 B.
667 3023 744 3077 seqq.
789 3006 887 3059 Form.
907 3007 968 3061 eom

133 3078 186 3129 art
207 3080 247 3132 12.
267 3093 295 3146 p.
315 3082 373 3132 624.
410 3075 524 3129 laetior.
545 3092 620 3131 conc.
642 3075 713 3131 dom.
733 3081 757 3130 5.
777 3080 841 3143 poet
857 3073 958 3144 Epiph.

136 3140 200 3199 len
218 3142 311 3199 Germ.
329 3144 349 3200 f,
367 3150 427 3201 298.
442 3162 466 3198 a.
503 3144 576 3199 Vide
588 3145 727 3198 Bcllcrm.
745 3143 800 3199 la.
821 3143 856 3198 de
874 3142 967 3199 eccles·

137 3216 167 3265 et
185 3225 209 3264 o.
228 3218 252 3267 9.
270 3230 321 3283 per
338 3218 389 3267 tot.
405 3219 426 3268 t.
445 3219 468 3267 2.
488 3214 539 3268 col.
554 3219 601 3268 124
612 3230 689 3295 seqq.
726 3212 829 3265 Contra
845 3210 968 3282 parabole

137 3277 265 3349 mmm,
291 3282 394 3337 Marcu
414 3284 457 3348 13,
475 3284 524 3351 24,
552 3282 587 3337 de
604 3282 706 3353 palen,
732 3281 837 3333 Marto.
855 3284 882 3345 a,
901 3283 968 3347 12,⁴
