2250 3772
462 108 515 172 De
534 107 615 171 Dec.
934 110 996 174 211

112 278 174 345 ans,
200 278 274 333 Deus
290 277 436 345 Dominus,
460 277 546 330 Pater
563 282 613 330 etc.
652 277 749 330 Filias
776 277 915 331 increatus
944 284 996 333 etc.

115 344 215 413 spirita
239 356 355 400 sanotae
382 347 522 401 increatus
543 350 595 398 etc.
635 345 672 398 Et
689 351 783 399 tamen
803 363 858 399 non
881 353 938 400 tres
957 348 998 400 in·

64 472 68 489 ,
116 416 188 484 crati,
198 417 321 471 immensi
336 421 398 480 ete,
414 415 464 469 sed
479 431 551 467 unus
564 414 711 478 increatus,
721 432 792 467 unus
802 420 931 469 aeternus
944 422 998 470 etc.

116 481 170 546 Quia
177 485 239 540 sicut
253 485 397 556 sigillatim
407 499 630 553 unamquamque
641 499 787 551 personam
796 482 887 537 Deum
896 501 929 538 ac
940 486 997 540 Do-

117 552 194 608 minum
210 554 335 609 confiteri
352 553 503 607 christiana
519 553 636 607 veritate
654 552 860 621 compellimur,
878 554 918 606 ita
942 560 999 609 tres

118 619 206 678 deosct
229 623 355 677 dominos
380 622 472 675 dicere
496 621 632 674 catholica
658 621 791 691 religione
812 622 998 690 prohibemur.

117 687 163 747 vid.
178 693 292 760 Symbol.
306 691 472 755 Athanasii,
497 689 546 743 ubi
569 689 622 743 hoc
647 689 851 744 observandum
877 692 999 746 axioma:

118 764 159 811 tres
169 778 301 830 personae
319 759 477 814 diversitatis
489 767 554 810 caat
565 757 719 830 ὁμοούσιοι,
738 760 789 813 doc
802 768 851 826 eet,
872 761 999 827 ejusdem

119 832 232 897 artatae,
250 838 277 883 et
293 831 324 882 ia
340 846 399 881 aaa
418 829 568 895 eademque
586 829 714 896 essentia,
735 845 806 895 qaae
827 835 867 880 eat
885 829 947 882 itta
965 847 998 882 ea

118 910 183 965 sepio
197 898 361 963 commanis,
392 905 452 950 tota
467 897 497 948 in
514 898 617 961 Patre,
644 904 703 950 tota
719 898 749 949 ia
768 898 862 961 Filio,
891 904 950 950 tota
967 901 998 951 ira

119 961 204 1033 Spiritu
220 975 326 1021 caneto.
358 965 432 1019 Hinc
452 964 501 1017 illa
517 965 670 1019 essentialis
684 971 794 1019 emanat
808 965 999 1039 περιχώρησις.

118 1033 221 1090 utPater
238 1037 274 1090 sit
292 1035 320 1089 in
339 1034 419 1096 Filio,
441 1040 469 1088 et
486 1033 574 1087 Filius
594 1035 622 1086 in
642 1035 733 1102 Patre,
753 1039 781 1088 ct
800 1034 917 1104 Spiritus
936 1052 997 1089 san·

118 1104 200 1158 rasin
218 1112 344 1176 utroque.
376 1103 455 1166 Quae
467 1119 575 1155 summa
587 1111 629 1157 est
640 1108 667 1156 et
680 1103 885 1172 simplicissima
896 1104 997 1167 unitas,

117 1180 201 1240 propter
216 1173 353 1228 essentiae
370 1172 507 1225 unitatem
524 1171 679 1224 indivisam.
710 1175 823 1225 Errant
838 1172 926 1263 igitur
943 1175 1000 1225 Ar-

117 1238 179 1309 riani,
195 1242 367 1310 Photiniana‘,
388 1241 563 1293 Eunomiara'
581 1247 641 1306 etc,
663 1241 711 1311 qui
728 1241 945 1311 negantlilium
964 1242 999 1295 de

119 1311 210 1365 aaut
226 1311 319 1365 Patris
337 1309 477 1381 genitum,
502 1313 693 1373 coaeternum,
717 1311 895 1380 coaequalem
913 1316 942 1363 et
958 1327 999 1365 se·

117 1378 211 1433 madum
226 1396 373 1450 personam
384 1375 536 1451 ὄμοούσιον
548 1394 607 1431 esse
621 1378 706 1445 Patri,
724 1378 839 1432 Caesar.
854 1379 883 1432 in
895 1379 959 1432 dial.
977 1387 997 1432 1.

116 1446 162 1503 ts.
175 1465 245 1518 oper.
257 1447 391 1504 Nazianz.
409 1465 435 1516 p.
453 1453 527 1501 1095.
558 1446 636 1501 Conf.
651 1453 719 1501 orat.
733 1448 867 1503 Nazianz.
879 1448 914 1502 de
925 1447 998 1502 Filio

117 1508 161 1583 oa
177 1524 186 1572 1
204 1524 231 1572 a
249 1523 272 1573 2.
293 1522 314 1571 t.
339 1522 359 1571 1.
379 1535 405 1586 p.
427 1521 459 1570 ae
477 1532 553 1585 seqq.
589 1517 682 1569 Basti.
701 1515 719 1569 1.
741 1524 761 1572 r.
785 1522 870 1569 contr.
891 1517 999 1586 apolog.

117 1576 225 1655 nnana,
244 1593 265 1641 t.
285 1591 309 1639 2.
325 1602 355 1655 p.
369 1590 419 1638 306
428 1601 485 1654 seq.
525 1585 701 1653 Aapaotirsae
719 1584 780 1639 libr.
798 1584 835 1638 ad
855 1585 997 1655 quodvult.

116 1644 194 1708 heres
211 1662 252 1710 45.
271 1662 292 1708 t.
310 1660 334 1708 d.
354 1653 405 1707 col.
424 1658 456 1707 20
474 1669 550 1723 seqq.
591 1656 700 1708 Errant
720 1660 741 1708 2.
762 1653 998 1721 Samosataniaaa',

117 1718 151 1785 qui
163 1730 289 1792 asserunt,
307 1722 410 1775 Filium
429 1738 485 1775 non
503 1721 592 1791 magis
610 1721 760 1775 subsistere
778 1723 807 1775 in
828 1723 896 1789 Deo,
916 1739 1000 1792 quam

117 1788 267 1859 apientiam,
290 1790 430 1861 justitiam
454 1794 482 1844 et
508 1789 667 1844 bonitatem.
705 1791 769 1846 Vid.
790 1791 933 1860 Epaplan.
952 1790 999 1845 lib.

117 1850 245 1919 oneres.
266 1866 286 1916 t.
306 1866 328 1916 2.
347 1861 458 1929 pass)
517 1878 520 1883 ·

118 1968 152 2040 li.
180 1981 254 2045 Cam
285 2002 356 2064 erpo
378 1981 442 2044 alia
468 1981 508 2042 cit
524 2001 661 2063 peraeae
681 1979 807 2051 Patria,
830 1979 895 2042 alia
916 1980 1000 2063 Filii,

116 2057 163 2124 dia
180 2066 314 2150 Spiritus
335 2066 442 2140 sancti,
466 2087 527 2146 qua
550 2066 668 2127 ratione
688 2085 835 2147 personae
857 2086 878 2126 o
900 2086 931 2127 aa
953 2065 1001 2126 ἰη-

403 2151 497 2212 vicem
518 2147 684 2231 dfferartt?

115 2319 121 2334 ,
177 2249 306 2338 Duplici
326 2249 449 2313 ratione
467 2246 635 2323 differunt,
657 2258 725 2311 tum
747 2249 786 2312 ad
811 2249 911 2327 intra,
933 2250 1000 2315 sive

114 2336 226 2421 interne,
246 2348 315 2399 tum
340 2334 380 2397 ad
403 2344 502 2409 extra,
524 2331 590 2397 sive
612 2343 750 2400 exteme.

114 2453 149 2526 l7·
183 2471 280 2550 Quam
290 2493 382 2534 cocae
394 2470 599 2552 differentiam
610 2470 653 2531 od
662 2469 743 2532 intra
755 2472 816 2532 aiae
826 2470 1001 2534 inteream?

178 2567 249 2650 Qua
279 2591 436 2655 personae
467 2568 550 2632 inter
582 2591 652 2632 sese
679 2569 758 2634 citra
784 2581 1000 2634 creaturarum

111 2656 266 2734 &spectum
295 2652 543 2740 proprietatibus
571 2654 780 2739 hypostaticis
813 2653 1000 2739 (personali-

111 2717 169 2821 bus)
188 2739 434 2825 distinguuntur.

110 2838 146 2914 18·
180 2857 339 2937 Quaenam
361 2870 432 2922 aaut
454 2859 532 2922 ictae
540 2861 750 2941 proprietates
772 2859 999 2943 hypostaticae?

116 3023 123 3040 ,
176 2958 278 3025 Patris
311 2958 489 3045 proprietas
521 2957 542 3020 h
589 2957 722 3022 ostatica
754 2968 817 3035 est,
860 2981 879 3021 a
909 2958 999 3023 nullo

104 3042 160 3101 uve
183 3045 359 3132 ingenitum
381 3066 468 3119 esse3
501 3042 543 3106 Fi
555 3043 588 3125 ir,
634 3043 754 3106 enitum
776 3064 863 3129 esse3
896 3040 999 3129 Spiri-

102 3115 143 3180 tl⁸
167 3131 271 3216 sancti,
295 3129 337 3194 ab
359 3140 494 3211 utroque
515 3065 696 3212 procegere.

791 3239 832 3280 a*
