2250 3772
264 241 318 308 De
339 242 366 308 Ι.
388 253 420 307 et
440 241 483 310 Π.
505 241 667 329 petitione.
857 240 923 310 453

143 409 196 478 57.
222 412 323 476 Estne
344 411 422 476 ittet
439 415 472 477 in
491 424 599 476 nostra
613 410 787 493 facultate?

96 511 174 576 Nou
196 502 258 591 eet,·
278 509 351 575 ideo
372 512 521 598 petimus,
542 523 579 577 ut
592 510 736 578 eoelestis
750 512 849 578 Pater
861 533 921 576 no-

87 594 122 660 id
140 594 281 682 gratuito
302 595 422 662 donare
442 598 528 666 velit.
641 595 646 601 ’

95 713 166 793 Qua
188 718 307 781 ratione
327 740 437 781 nomen
452 716 519 780 Dei
537 718 616 783 iuter
635 739 691 780 noe
707 714 922 802 profanatur?

96 815 205 880 Etiam
226 801 347 902 duplici
370 816 510 881 ratione:
544 818 572 883 1.
593 819 684 902 falsa
710 821 866 896 doctrino,
893 817 921 882 si

105 900 198 966 aliter
218 902 320 987 docet,
342 923 439 986 quam
458 902 592 967 verbum
613 901 678 966 Dei
697 903 799 968 docet.

99 986 127 1052 2.
149 989 258 1072 Impia
279 999 306 1050 et
319 990 462 1071 profana
483 990 556 1072 vita,
578 985 606 1051 si
627 987 699 1072 quis
722 987 813 1052 aliter
832 984 922 1064 vivit,

86 1092 112 1135 m
129 1072 265 1136 verbum
285 1070 352 1135 Dei
371 1071 568 1157 praeseribit.

192 1188 245 1257 59.
281 1188 440 1268 Quomodo
460 1191 535 1256 haee
556 1191 743 1256 avertenda?

98 1288 258 1374 Petimus,
284 1299 321 1354 ut
342 1290 487 1356 eoelestis
512 1301 621 1355 noster
640 1291 755 1370 Pater,
782 1314 822 1357 ne
843 1292 923 1357 haee

86 1373 167 1454 dant,
189 1375 361 1440 elementer
381 1376 550 1462 providere
571 1375 655 1441 velit

263 1527 327 1592 DE
349 1527 392 1594 11.
415 1528 679 1596 PETITIONE.

178 1647 229 1713 60.
259 1648 371 1712 Recita
393 1653 555 1714 secundom
568 1653 755 1735 petitionem.

98 1746 260 1812 Adveniet
281 1769 415 1833 regnum
436 1759 536 1812 tuum.

110 1867 160 1932 61.
197 1865 281 1947 Quae
303 1879 346 1931 eet
367 1869 458 1951 hujus
474 1869 634 1952 petitionis
656 1865 827 1931 sententio?

97 1964 248 2053 Regnum
268 1966 333 2031 Dei
361 1967 449 2032 venit
476 1966 571 2031 etiam
592 1988 703 2066 perse
725 1957 794 2032 sine
814 1978 924 2034 nostra

86 2048 171 2129 ione,
200 2051 258 2116 sed
278 2050 416 2151 petimus
446 2052 505 2117 hae
537 2063 708 2138 pet1t10ne‚
738 2058 777 2117 ut'
801 2053 842 2118 ad
862 2076 922 2118 nos

86 2158 140 2221 que
159 2147 332 2223 pervemat.

229 2254 281 2319 62.
316 2252 388 2333 Quo
406 2258 526 2320 ratione
539 2256 583 2340 fit
603 2254 708 2319 istud?

97 2352 182 2420 Cum
196 2354 295 2429 Peter
314 2354 460 2419 eoelestis
479 2355 535 2418 dat
555 2354 648 2418 nobis
669 2376 762 2419 suum
778 2366 923 2426 sanetum

86 2438 187 2518 itum,
216 2439 272 2524 qui
300 2439 398 2504 efficit
425 2462 483 2504 sua
512 2438 628 2525 giuda,
656 2450 692 2503 ut
721 2451 829 2505 saneto
853 2443 922 2526 ejus

86 2546 111 2590 ιο
133 2524 319 2625 credemus,
340 2546 378 2589 ae
398 2524 451 2611 pie
471 2524 524 2588 hie
544 2523 777 2611 temporaliter,
799 2525 865 2590 illie
886 2527 921 2591 in

86 2631 178 2674 mum
195 2631 348 2676 uvamus.

91 2727 173 2810 Quid
186 2729 328 2814 inteliipie
340 2751 399 2813 per
412 2749 548 2813 regnum
558 2726 623 2791 Dei
638 2729 670 2792 in
687 2729 744 2792 tac
754 2728 923 2813 petitione?

95 2828 304 2894 Potissimum
325 2851 461 2915 regnum
482 2829 603 2916 gratiae
625 2840 656 2894 et
677 2829 807 2915 gloriae.

86 2944 220 3019 [Regnum
240 2945 342 3001 christi
377 2945 426 2999 uid
444 2952 473 3001 et
491 2948 642 3018 quotuplex
661 2946 705 3010 sit,
725 2963 809 3017 supra
827 2945 922 3002 defini·

86 3030 101 3069 u
125 3016 155 3070 in
183 3015 244 3070 loeo
269 3016 304 3070 de
332 3032 348 3069 ο
381 3014 424 3095 cio
449 3014 565 3096 Christi,
593 3015 643 3068 ubi
669 3015 741 3069 vide.
777 3015 922 3086 Aeeipitur

86 3083 569 3221 teumummut,
592 3083 793 3234 {iteum
810 3090 920 3234 tte:

86 3222 123 3276 u.
148 3225 176 3278 et
199 3223 335 3291 copto,
355 3225 378 3274 1.
398 3223 424 3275 2.
470 3228 494 3277 2.
519 3221 574 3275 Pro
599 3226 751 3274 mmuteno
773 3222 921 3293 evangelii,

86 3294 155 3357 aue,
174 3293 217 3346 11.
247 3295 271 3346 3.
287 3289 344 3346 Pro
362 3289 561 3361 eeclesiaipsa„
581 3291 799 3360 Mattt.13,41.
826 3298 850 3347 4.
865 3290 921 3345 Pro
