2250 3772
110 227 174 293 462
250 224 356 312 Caput
373 224 435 291 IIL
478 225 532 290 Dc
554 225 697 291 oratione
719 225 884 291 dominico

110 406 277 481 peccatum
303 405 366 472 est,
397 393 576 478 iisdemque
612 396 751 460 libenter
778 394 1005 461 benefaciant&

34 542 39 557 ,
111 481 199 565 quod
219 480 281 543 nisi
299 480 371 565 fiet,
397 502 502 563 neque
522 480 615 544 nobis
637 481 858 546 remissionem
875 490 1012 568 peccet&

110 589 182 630 rum
204 565 376 650 gratuitam
397 586 505 629 coram
523 565 597 629 Deo
623 567 815 652 sperandam
838 589 912 633 esse.

112 702 162 767 90.
196 702 323 784 Emere
350 712 459 763 nostra
486 701 626 764 remissio
649 696 698 767 est
716 726 813 769 cauta
834 693 1022 766 remissionis

493 786 636 850 divinae?

195 885 415 969 Nequaquam.
442 884 615 949 'Remissio
645 886 731 950 enim
751 884 1027 952 divina'nostrsm

111 969 278 1046 antecedit,
300 969 440 1052 itemque
462 969 561 1033 solius
577 970 653 1033 Filii
668 971 734 1035 Dei
748 971 862 1036 m'erito
883 970 1027 1058 gratuito

110 1065 243 1121 constat.
284 1053 404 1118 Nostra
424 1054 524 1138 igitur
544 1055 688 1119 remissio
712 1056 839 1121 divinae
860 1078 951 1121 cause
966 1050 1028 1120 ef-

109 1140 218 1204 ficicns
243 1161 312 1203 esse
338 1150 369 1202 et
391 1139 525 1203 eandem
542 1141 716 1238 promereri
736 1164 802 1206 non
827 1152 939 1226 potest,
957 1132 1024 1204 sed

110 1225 254 1308 ejusdem
268 1234 316 1288 est
334 1223 477 1302 effeetus,
499 1247 685 1309 qu1anemo
723 1227 848 1290 roximo
863 1227 1024 1292 remittere

111 1321 234 1395 potest,
259 1309 321 1372 nisi
343 1319 461 1373 statuat
482 1321 513 1372 et
534 1333 554 1373 a
575 1309 648 1375 Deo
671 1250 733 1374 eiii
754 1311 922 1376 remissum
940 1329 1023 1376 esse·

110 1447 160 1510 91.
186 1447 249 1510 See
262 1448 454 1508 eontrarium
468 1447 586 1510 videtur
601 1449 726 1510 innuere
740 1449 904 1529 particulo
918 1438 1020 1510 sicut?

179 1545 358 1627 'Particula
382 1545 463 1609 sicut
491 1544 543 1608 hic
564 1567 629 1608 non
649 1553 739 1608 notat
760 1566 890 1609 causam
910 1544 1018 1610 remis-

109 1629 208 1694 sionis
243 1641 464 1714 peccetorum‚
502 1651 561 1693 nec
597 1629 756 1714 significat
791 1630 921 1695 modum
949 1630 1016 1694 sive

109 1715 335 1799 aequalitatem
356 1713 551 1778 remissionis
572 1713 678 1800 (Deus
699 1714 784 1778 enim
803 1716 941 1801 perfecte
963 1734 1016 1778 rc-

107 1801 220 1878 mittit,
249 1823 308 1864 nos
330 1821 405 1863 vero
428 1799 649 1884 imperfecte),
676 1800 733 1863 sed
763 1801 913 1886 exprimit
936 1800 1016 1865 dun·

2 1897 8 1918 “
107 1898 195 1950 taxat
225 1884 464 1949 similitudinem
494 1907 567 1947 cum
587 1885 660 1948 Deo
687 1895 718 1948 et
746 1895 857 1948 notam
881 1885 1014 1950 filiorum

108 1970 190 2049 Dei,
219 1994 259 2034 cx
289 1993 352 2054 qua
379 1968 575 2032 remissionis
604 1969 729 2033 divinae
753 1970 831 2033 certi
854 1993 922 2034 esse
940 1990 1014 2056 pos-

108 2056 179 2121 sint.
212 2056 291 2122 Vel:
318 2066 366 2118 est
380 2053 520 2117 conditio
537 2065 568 2117 et
589 2053 743 2140 obligatio
766 2056 931 2138 quaedam,
950 2070 1014 2138 qua

106 2140 326 2205 remissionem
360 2162 378 2202 a
407 2140 480 2203 Deo
514 2148 658 2223 petentes
693 2161 733 2202 ex
765 2140 1012 2205 consideratione

106 2225 301 2289 remissionis
324 2223 450 2287 divinae
472 2223 600 2287 excitati
620 2223 820 2309 propositum
842 2226 934 2290 etiam
954 2226 1011 2287 hc-

106 2311 183 2373 bere
206 2309 323 2372 debent
344 2308 546 2373 condonandi
566 2309 713 2394 proximo
734 2309 843 2374 debita
863 2322 894 2376 et
916 2308 1011 2374 offen-

107 2418 157 2458 sas
180 2406 315 2458 mutuas.

347 2528 412 2592 DE
438 2527 495 2594 VI.
515 2526 780 2595 PETITIONE.

295 2647 346 2711 92.
380 2650 490 2710 Recita
505 2649 685 2730 petitionem
707 2660 835 2714 sextam.

191 2758 235 2820 Et
256 2780 297 2821 ne
319 2777 378 2819 nos
401 2755 532 2819 inducas
556 2755 589 2818 in
611 2755 828 2824 tentationem

205 2893 255 2958 93.
292 2892 375 2972 Quae
397 2905 441 2956 est
461 2880 551 2974 liujus
568 2893 727 2975 petitionis
750 2891 917 2958 sententia?

189 3009 280 3073 Deus
307 3010 436 3093 quidem
465 3011 625 3074 neminem
650 3019 759 3072 tentat.
812 3007 878 3074 Sed
905 3017 990 3072 tmen
1056 3034 1058 3039 ¹

104 3093 241 3177 petimus
269 3095 328 3158 hac
354 3095 524 3204 petitione,
554 3106 589 3158 ut
615 3094 684 3178 ipse
712 3117 771 3159 nos
800 3094 944 3159 custodiet
962 3092 986 3146 el
1053 3090 1057 3125 ³

104 3191 280 3254 conservet,
301 3203 341 3243 nc
356 3186 502 3258 botones,
523 3180 660 3244 mundus
683 3191 715 3241 et
733 3201 808 3245 caro
827 3194 928 3245 nostra
942 3190 984 3237 11⁰·
1051 3180 1058 3217 ³

104 3262 154 3327 bis
170 3263 344 3349 imponant,
360 3277 390 3329 et
405 3289 463 3330 nos
480 3276 600 3330 erecta
613 3264 677 3328 fide
691 3265 733 3328 ad
747 3265 981 3352 superstitionem,
1051 3272 1058 3297 t
