2250 3772
260 233 312 298 De
332 233 524 319 Augustam
546 210 777 301 confessione..
895 231 957 298 621

68 419 136 487 pora
162 401 308 456 isiciitssere
334 409 384 456 aut
397 403 516 471 facere,
541 408 572 454 ut
589 416 646 470 per
662 418 696 455 ea
714 417 873 455 mereamur
890 418 957 470 pra-

68 479 206 596 savinam
221 473 299 541 quod
314 489 372 524 non
383 472 477 541 possit
500 471 628 524 suentem
650 470 875 524 christianismus
897 471 959 525 sine

176 558 203 596 u.

115 609 173 663 Hic
191 609 328 677 obiiciunt
343 608 513 675 aduersarii,
530 609 609 677 asdod
624 607 716 661 nost-i
726 607 899 676 ponticam
911 608 957 662 di·

68 677 196 748 n'piinom
228 685 253 731 et
277 677 519 742 mortificationem
543 677 654 738 carnis,
680 676 753 730 sicut
777 677 957 731 Jooinianus.

68 747 152 801 'ecam
169 746 254 800 aliud
273 746 496 816 deprehendam
512 746 614 800 eescri
633 745 669 798 tis
680 753 847 800 nostrorum.
880 746 957 800 Sem-

68 832 99 868 er
119 817 191 869 enim
211 817 365 869 docuerunt
382 816 418 869 de
436 831 529 884 cruce,
547 832 601 882 quo
641 814 809 868 christianos
828 821 957 884 oporteat

68 884 171 938 iterare
190 884 370 953 afflictiones.
405 884 487 938 Haec
507 891 547 937 est
562 900 644 951 uera,
662 883 739 937 seria
757 890 784 936 et
799 902 855 938 non
872 884 956 936 simu-

68 960 108 1006 sta
124 953 317 1020 mortificatio,
343 953 432 1006 uariis
456 951 663 1020 afflictionibus
683 952 807 1005 eranceri
823 959 849 1006 et
868 952 957 1006 cruci-

68 1021 173 1091 picum
193 1022 312 1077 Christo.

114 1091 237 1173 Impar
259 1092 371 1155 docent,
395 1091 473 1158 quod
489 1088 605 1158 quilibet
623 1087 794 1157 christianus
811 1090 911 1144 debeat
927 1106 957 1145 se

68 1160 191 1229 >words
209 1159 365 1228 disciplina
390 1166 439 1212 aut
464 1157 661 1227 corporalibus
678 1158 817 1212 enercitiis
835 1166 861 1212 et
877 1159 956 1213 iabo-

68 1227 122 1281 tou
139 1229 182 1282 sic
200 1244 327 1282 coercere
344 1234 371 1281 et
389 1243 530 1295 coercere,
553 1242 588 1278 ne
610 1226 748 1279 saturitas
772 1234 822 1280 aut
842 1226 956 1282 desidia

68 1297 187 1351 stimulet
205 1299 247 1351 ad
258 1297 449 1366 peccandum,
476 1313 533 1349 non
554 1301 585 1347 ui
604 1311 660 1363 per
677 1294 732 1348 illa
749 1296 882 1349 enercitia
899 1312 955 1349 me·

68 1382 160 1420 nimus·
184 1367 308 1433 qratiam
336 1371 386 1418 aut
414 1364 629 1429 satisfaciamus
650 1380 706 1432 pso
728 1364 865 1432 peccatis.
915 1364 956 1420 at

68 1452 118 1488 unc
137 1435 315 1504 corporalem
332 1433 515 1502 disciplinam
528 1439 757 1501 oportetsemper
772 1449 882 1501 urpere,
898 1451 956 1487 non

68 1504 139 1558 nium
152 1505 257 1572 paucis
275 1511 302 1557 et
322 1502 477 1556 constitutis
501 1501 611 1566 diebus,
636 1501 709 1555 sicut
728 1502 855 1556 C'hrsstus
868 1519 955 1573 prae·

68 1572 131 1643 ipit:
149 1580 242 1627 cauete
259 1588 293 1625 ne
311 1589 435 1642 corpora
451 1578 545 1625 uestra
561 1578 714 1640 piarentur
732 1571 869 1653 crapula,
887 1573 957 1630 Luc.

68 1644 91 1724 1,
107 1643 153 1699 34.
181 1642 270 1695 Item:
289 1641 341 1694 hoc
356 1658 444 1709 penus
462 1639 674 1694 daemoniorum
689 1657 746 1692 non
760 1640 882 1762 spiritur,
898 1640 958 1695 nisi

68 1710 156 1781 punio
173 1717 201 1763 ct
218 1709 359 1777 oratione,
377 1709 481 1763 Mettis.
498 1711 541 1776 17,
559 1711 604 1766 21.
639 1710 680 1762 Et
698 1708 765 1762 Pau
776 1725 809 1761 us
826 1709 881 1763 ait:
907 1727 955 1764 ca·

68 1778 84 1825 ἶ
102 1796 236 1848 oconpus
252 1795 351 1846 meum,
371 1786 397 1831 et
414 1778 515 1845 redipo
533 1777 745 1841 insanitatem,
765 1780 789 1832 1.
801 1778 900 1834 Comi.
910 1780 957 1835 27.

68 1796 197 1901 zelare
213 1847 342 1915 ostendit,
358 1864 388 1900 se
404 1847 470 1900 ideo
487 1846 629 1912 castipare
648 1863 761 1914 corpus,
780 1863 837 1899 non
854 1853 885 1899 ut
900 1862 955 1916 per

68 1934 108 1971 zm
128 1915 311 1986 disciplinam
327 1922 469 1970 mereatur
487 1914 675 1968 remissionem
689 1921 887 1983 peccatoram,
904 1916 957 1969 sed

68 1993 196 2054 tcorpus
221 1984 323 2039 habeat
341 1983 487 2038 chaonium
504 1989 531 2035 et
546 1982 678 2036 idonesnn
697 1984 741 2035 ad
757 1999 803 2037 res
822 1983 955 2053 spicitua·

68 2070 85 2107 s
110 2060 138 2107 et
163 2055 205 2107 ad
226 2055 392 2117 faciendum
415 2051 542 2122 officium
561 2051 649 2120 junia
671 2051 843 2105 uocationem
866 2069 954 2109 suam

68 2130 149 2193 manc
174 2140 229 2175 non
260 2125 432 2176 damnamur
456 2120 522 2173 isa
541 2120 659 2190 jejunia
699 2121 752 2173 sed
777 2120 955 2191 traditiones,

68 2207 118 2247 uae
136 2199 224 2246 certos
243 2191 313 2259 dies,
331 2197 420 2258 certos
437 2137 513 2243 cifos
527 2159 733 2259 praesentiunt,
751 2206 813 2243 cum
822 2189 956 2259 pmicuio

68 2260 246 2385 mantiae,
270 2268 404 2329 tanquam
421 2257 583 2312 istiusmodi
600 2274 688 2328 opera
705 2258 764 2311 sint
781 2260 956 2314 necessarius

116 2397 272 2451 Servantur
298 2402 389 2449 tamen
415 2394 497 2465 apud
519 2412 571 2448 nos
593 2394 751 2465 pleraeque
780 2396 957 2467 traditiones,

68 2483 121 2521 uae
138 2467 297 2519 conducunt
314 2465 356 2517 ad
371 2464 436 2532 hoc,
457 2472 487 2518 ut
504 2480 551 2517 res
563 2464 668 2517 'ordine
687 2470 804 2532 peratm·
822 2464 852 2518 in
870 2466 955 2519 eccie-

68 2536 139 2598 'aut
155 2536 227 2588 ordo
243 2532 391 2587 lectionum
401 2533 431 2586 in
444 2533 532 2586 missa
547 2540 574 2586 et
578 2532 683 2602 praeci
757 2533 866 2599 seriae.
897 2532 958 2588 Sed

68 2603 159 2658 iterim
176 2602 300 2657 homines
317 2603 519 2669 admonentur,
543 2602 622 2671 quod
642 2608 653 2654 t
693 2601 699 2614 ‘
729 2600 821 2654 cotan
837 2619 894 2655 non
905 2602 956 2671 ju·

68 2672 147 2740 iniret
163 2688 259 2725 eoram
277 2672 350 2738 Deo,
368 2677 394 2724 et
410 2671 488 2739 quod
503 2686 560 2722 non
579 2669 617 2722 sit
630 2671 793 2738 ponendum
807 2677 957 2740 peccatum

68 2740 199 2796 scoticus
215 2740 313 2807 rebus,
337 2739 366 2791 si
382 2739 541 2792 omittentur
559 2737 620 2790 sine
637 2736 784 2794 scaondalo.
820 2740 901 2793 Haec
920 2739 956 2794 li·

68 2816 140 2866 mas
158 2809 189 2863 in
205 2808 306 2862 ritibus
325 2806 454 2861 numanis
471 2825 527 2861 non
537 2805 702 2874 suitipnota
708 2807 850 2876 patritus.
877 2808 956 2862 Num

68 2898 75 2934 ι
99 2878 213 2933 Oriente
236 2877 295 2931 alio
319 2885 443 2946 tempore
464 2882 645 2930 seruauerunt
664 2875 775 2945 pascha
794 2894 879 2947 quam
895 2877 955 2931 Rc-

68 2962 122 3016 me,
146 2955 171 3001 et
194 2965 256 3000 cum
267 2945 393 3000 Romani
403 2952 525 3016 propter
542 2946 614 2998 hanc
634 2944 891 3007 dissimilitudinem
908 2963 955 3001 ac·

68 3024 175 3071 manent
188 3016 329 3070 Orientem
340 3015 506 3082 schismatis,
518 3013 657 3067 admoniti
669 3021 733 3067 sunt
744 3014 781 3067 ab
793 3013 869 3084 aliis,
881 3014 955 3069 teies

68 3101 140 3141 iores
158 3102 215 3139 non
232 3093 360 3154 oportere
377 3084 477 3166 ubique
494 3083 601 3137 andes
615 3098 681 3135 esse
707 3082 748 3135 Et
758 3082 895 3138 Isanaeus
913 3083 956 3137 in-

68 3155 125 3208 stc.-
145 3154 324 3208 dissonantia
335 3153 445 3222 janna·
456 3151 532 3221 fidei
556 3150 768 3206 consonantium
784 3169 841 3206 non
853 3150 957 3219 soloin

68 3224 121 3277 icat
143 3229 170 3276 et
195 3221 317 3276 distinct.
342 3223 369 3276 2.
407 3220 564 3290 Grcporius
584 3237 667 3290 papa
688 3219 844 3292 sipnificat,
869 3221 957 3276 talem

68 3290 306 3347 issimilitudinem
328 3307 385 3345 non
402 3290 517 3345 landem
533 3288 667 3344 unitatem
686 3287 827 3347 ecclcsiae.
864 3292 905 3346 la
924 3290 958 3344 in
