2250 3772
397 241 450 305 De
472 240 615 308 ecclesia.
868 325 871 331 ¹
900 240 964 307 333

132 408 138 423 ’
162 410 169 425 ’
194 375 464 474 221122221212,
484 411 638 483 virginibus
656 411 749 479 fatuis,
768 410 963 479 Mant.25,1‚

86 409 212 603 &iius
232 476 382 560 sterilibus,
398 479 466 533 Jot.
485 483 528 549 15,
547 485 572 545 1,
589 479 682 549 aridis,
700 482 770 534 Lac.
785 483 829 548 13,
850 480 872 544 7,
889 479 964 534 varie

153 565 192 618 ur,
208 550 238 604 2.
258 550 330 603 Tam.
349 550 376 613 2,
395 547 463 616 20.)

242 668 273 734 4
309 667 375 733 Cur
396 672 510 735 dicitur
530 669 652 734 ecclesia
672 670 757 734 nna?

143 785 213 851 Una
240 786 356 853 dicitur
382 788 410 854 1.
439 786 514 871 quia
542 811 625 852 unus
647 796 696 852 est
716 789 827 864 Deus,
855 786 963 865 Pater,

86 864 160 934 Filius
184 881 217 936 et
244 870 383 957 Spiritus
410 884 556 950 sanctrm,
587 896 606 936 a
636 895 700 957 quo
722 872 898 958 colligitur,
931 882 964 937 et

86 971 153 1035 quem
170 956 319 1034 celebrat,
339 959 452 1043 Ephea.
474 958 504 1042 4,
528 959 558 1023 6.

144 1056 171 1125 2.
186 1056 275 1139 Quia
288 1058 418 1123 unicum
434 1059 501 1143 ejus
517 1058 760 1123 fundamentum
775 1072 833 1138 eet,
847 1082 962 1147 nempe

86 1132 210 1220 Uiriatus,
233 1145 262 1208 l.
288 1143 360 1212 Gor.
379 1145 409 1227 3,
434 1145 485 1209 ll.

143 1243 170 1310 3.
188 1243 276 1325 Quia
296 1267 362 1308 una
380 1244 414 1307 in
433 1245 544 1309 eadem
563 1254 746 1308 sanctorum
760 1256 808 1310 est
821 1268 964 1311 commu-

86 1320 135 1403 nio,
152 1328 176 1396 1.
195 1330 231 1394 in
250 1330 372 1394 unitate
394 1329 557 1394 doctrinae
576 1340 608 1393 et
629 1328 720 1415 fidei,
738 1332 768 1398 2.
783 1353 963 1397 sacramen-

86 1414 170 1507 iqmm,
188 1415 340 1501 baptismi
361 1427 394 1480 et
407 1436 516 1479 sacrae
531 1436 668 1493 coenae,
690 1417 719 1481 3.
735 1417 877 1502 corporis
892 1441 967 1517 my:-

86 1495 141 1591 ᾠά,
157 1501 246 1584 cujus
262 1498 409 1565 Christus
431 1510 526 1586 caput
547 1510 611 1576 eet,
633 1502 663 1563 4.
679 1500 826 1585 spiritus,
848 1503 877 1568 5.
894 1515 963 1589 sper

86 1586 143 1645 utne
160 1597 314 1670 aeternae,
337 1586 452 1673 Epltea.
473 1586 505 1670 4,
525 1584 555 1649 3.
576 1586 606 1649 4.
629 1586 659 1651 5.
682 1586 711 1650 6.

132 1701 193 1783 (ubi
204 1703 290 1759 semel
306 1711 390 1785 nota:
408 1702 550 1783 epitheton
561 1703 615 1758 hoo
634 1701 706 1758 sicut
723 1710 751 1759 et
768 1720 845 1785 seqq.
857 1711 962 1787 sancta,

86 1764 380 1895 ntiohffieportohca,
397 1772 553 1842 praedicam
571 1772 606 1826 de
622 1778 682 1826 tota
700 1773 816 1828 ecclesia
834 1790 890 1855 non
909 1791 964 1828 mu

121 1839 191 1895 acdoo
220 1857 254 1896 oc
280 1847 394 1913 propter
421 1841 523 1895 electos
549 1845 577 1894 et
602 1858 667 1895 vere
694 1842 838 1896 credentes
864 1858 894 1895 m
920 1858 962 1898 ea.

128 1910 330 1979 ratponta'fim'i,
357 1909 477 1991 quinon
494 1916 553 1963 tam
570 1909 678 1963 unitate
696 1909 853 1978 doctrinae,
878 1927 963 1980 quam
1042 1952 1049 1965 .

86 1978 272 2050 cymeriorum
294 1994 443 2049 praecipue
466 1978 657 2032 conformitate
674 1978 808 2033 ecclesiae
826 1978 963 2034 unitatem

86 2036 241 2117 metiuntur,
260 2046 385 2102 Oonrcd.
402 2048 498 2114 Kliny.
518 2045 551 2100 L.
571 2046 603 2103 C.
623 2047 640 2101 l.
660 2052 683 2101 3.
705 2065 727 2102 o.
748 2052 787 2102 11.
806 2065 834 2117 p.
855 2053 913 2117 210,
933 2052 963 2102 ot

86 2104 180 2178 ”ihren
194 2133 338 2171 romanam
358 2116 503 2171 ecclesiam
521 2131 622 2181 veram,
642 2121 764 2170 nostram
776 2132 841 2170 vem
853 2121 914 2170 tum
925 2115 962 2172 ob

86 2172 202 2257 iqwinaa
218 2190 280 2239 tum
297 2183 511 2240 ceremoniarum
524 2183 710 2239 diversitatem
723 2185 823 2239 falsam
834 2202 895 2240 erse
906 2186 963 2241 cla·

86 2252 163 2312 uiant.
189 2253 265 2310 Vani
277 2254 424 2309 clamores!
459 2258 481 2308 1.
499 2253 575 2308 Vera
586 2253 703 2308 ecclesia
719 2260 762 2308 eet
779 2271 848 2320 una,
866 2260 896 2309 at
906 2272 963 2310 non

86 2320 163 2394 111111,
181 2323 231 2378 ubi
248 2323 349 2391 unitas,
365 2321 406 2377 ibi
423 2321 517 2377 statim
535 2321 669 2378 eccleciae
680 2322 791 2377 veritae.
819 2324 871 2378 Est
888 2324 963 2380 enim

86 2384 143 2442 hu
168 2408 318 2447 coneemns
344 2391 437 2445 unitas
459 2391 489 2443 in
515 2390 603 2457 malo,
634 2391 664 2444 in
686 2392 842 2446 antichristi
866 2409 896 2447 re
936 2410 954 2448 o

86 2448 270 2535 21111216.
310 2466 334 2514 1.
351 2460 428 2514 Inter
452 2476 504 2513 nos
532 2465 574 2512 est
591 2459 735 2515 doctrinae
752 2477 786 2515 cx
805 2410 963 2516 verbossiei

86 2528 162 2650 w,
185 2534 214 2584 et
239 2529 341 2585 unitas.
383 2527 438 2594 Qui
462 2543 529 2598 ergo
554 2527 644 2581 oberit
667 2528 770 2583 rituum
795 2529 962 2584 diversitas?

163 2599 243 2651 antia
256 2598 367 2667 jo'ana'i
383 2616 440 2651 non
457 2614 520 2649 rum
541 2597 563 2648 it
584 2600 796 2651 consonantiam
806 2599 883 2662 fidei,
901 2599 971 2652 Ire·-

86 2670 144 2737 Ψυι
161 2671 249 2723 oontr.
300 2666 378 2723 ictor.
403 2666 482 2720 Rom.
530 2664 607 2734 picco
629 2707 635 2718 .
659 2667 735 2735 apud
753 2668 857 2721 Euroo.
871 2666 918 2722 lib.
939 2673 963 2721 5.

86 2718 239 2807 intentes.
264 2752 289 2791 c.
309 2741 349 2790 23.
375 2753 402 2805 p.
422 2740 464 2790 12.
482 2733 516 2786 F.
552 2739 577 2789 3.
601 2683 631 2788 ii
655 2735 858 2790 schismatioia
882 2734 962 2789 nobie

86 2806 186 2873 mm,
203 2820 261 2858 non
277 2804 391 2858 fnemrnt
409 2821 443 2857 cc
460 2801 548 2869 nobie,
568 2804 704 2871 1.Jot.2,
718 2808 757 2858 19.
786 2802 857 2858 4.1n
876 2803 963 2859 ecclc·

86 2874 196 2953 *nepe
211 2872 327 2927 fuorunt
341 2873 433 2938 rixae,
463 2873 491 2924 in
509 2870 625 2925 ecclesia
641 2871 832 2940 Corinthiam,
852 2877 874 2926 1.
896 2873 961 2928 Gor.

86 2930 144 3006 ²213,
157 2947 229 2996 inter
245 2940 360 2997 Petrum
376 2948 404 2995 et
421 2939 558 3007 Paulum,
580 2939 647 2998 Gal.
665 2945 692 3009 2,
714 2945 756 2995 14.
792 2940 963 3011 Cyprianum

86 3002 257 3083 *pamelium
284 3010 319 3065 de
335 3010 457 3082 primatu
476 3025 560 3077 super
578 3009 708 3064 ecclesiae
726 3009 890 3079 Africanae,
910 3011 962 3078 θμ-

86 3079 150 3130 ,Μ
165 3078 185 3134 l.
205 3085 227 3135 1.
247 3079 328 3150 epist.
346 3085 369 3135 3.
388 3097 416 3148 p.
439 3085 469 3134 14
488 3093 581 3147 seqq..
605 3077 832 3148 Chryrostomum
850 3084 879 3133 et
896 3078 963 3148 Epi·

136 3143 186 3201 'um
217 3148 254 3204 dc
285 3147 436 3218 Epiphanii
462 3146 640 3201 damnatione
666 3147 799 3201 librorum
826 3146 962 3218 Origcnir,

182 3216 243 3273 16.
259 3217 324 3272 hist.
348 3217 444 3272 eccles.
463 3233 487 3271 c.
506 3221 531 3270 9.
549 3231 577 3284 p.
595 3216 690 3270 aruit
715 3215 917 3286 Hieronymum
935 3224 964 3273 ot

86 3268 242 3347 husonum
262 3287 298 3341 do
321 3286 452 3357 operibus
474 3283 556 3354 legis,
580 3284 733 3355 exquibus
762 3286 901 3340 neminem
916 3288 963 3359 ju·

1001 3368 1060 3544 Γ
