2250 3772
236 244 290 309 De
311 245 454 309 oratione
474 244 509 307 in
529 266 655 329 genere.
818 246 881 313 431

85 419 151 479 tera,-
166 430 198 465 m
215 413 268 467 allo
281 414 427 481 judiciam
441 421 491 480 eat,
507 414 553 466 hic
564 414 738 481 obsequium·
755 414 798 467 ibi
807 418 883 481 fida·

85 480 223 545 vdicamur,
244 482 289 535 hie
301 482 501 535 meses-abiliter
513 483 698 537 obsecramur.
717 454 881 552 l’dieronym.

85 548 203 603 ‚Mattn
222 556 242 603 t.
262 557 285 607 9.
303 568 332 620 p.
351 556 393 605 21.
411 550 444 605 Β.
487 557 510 605 3.
528 551 668 604 Emer-cari
691 552 721 604 in
746 554 881 607 orationi-

85 618 98 671 ’ἡ
113 619 288 672 desiderium
300 628 434 686 nostrum,
453 637 507 687 quo
517 619 657 688 possimus
676 638 787 690 capere,
805 624 884 691 quod

85 695 131 740 rat
148 689 233 755 dare,
263 688 411 756 Aayurtr‘n.
434 689 512 757 epist.
534 695 574 743 21.
594 689 631 742 ad
647 688 730 743 Prob.
748 696 768 743 t.
786 696 810 745 2.
827 690 879 746 eol.

85 761 144 819 ‚ut
165 762 244 811 tanto
270 757 370 826 majori
392 757 563 827 gratitudine
587 757 724 812 beneficia
743 758 799 813 Dei
823 776 881 813 am·
972 808 982 821 ,

85 842 140 891 rur,
159 829 239 880 tanto
256 825 397 880 ardentius
412 825 613 896 benignitatem
629 829 690 897 ejus
707 828 881 898 meditemur,

85 893 322 1029 npensius)ipsnm
334 911 427 949 rerum
438 902 593 949 nostrarum
611 896 733 949 omnium
744 896 882 967 inspecto-

85 978 216 1017 ueremur.

136 1116 186 1184 11.
230 1117 296 1180 Dic
318 1119 368 1182 II.
404 1116 480 1195 Quia
501 1118 715 1183 invocandus?

85 1218 151 1279 'nus
174 1227 206 1281 et
226 1216 329 1293 solus,
349 1217 440 1281 vivus
463 1230 494 1282 et
515 1241 608 1282 verus
630 1220 732 1296 Deus,
754 1219 810 1303 qui
831 1230 881 1285 est

99 1302 203 1365 Filius
225 1313 257 1366 et
272 1300 411 1389 Spiritus
426 1314 563 1382 sanetus,
584 1328 666 1369 unus
686 1305 720 1367 in
733 1305 883 1382 essentia,

89 1388 122 1450 in
143 1388 296 1473 personis.

86 1522 152 1576 aque
170 1505 228 1560 sive
247 1522 333 1559 unam
349 1506 395 1560 vel
415 1507 530 1560 alteram
549 1524 564 1560 e
582 1507 672 1561 tribus
689 1507 815 1577 personis
830 1507 879 1562 tri-

89 1574 260 1642 nominatim,
285 1575 342 1628 sive
366 1575 489 1645 singulas
511 1575 681 1645 conjunctim
704 1576 734 1629 in
755 1576 880 1632 oratione

86 1643 182 1706 trimas,
200 1642 293 1697 Deum
311 1659 422 1712 varum,
447 1644 483 1698 ob
499 1644 644 1697 indivisam
666 1646 802 1699 essentiae
819 1647 882 1700 uni·

86 1712 192 1766 adoras.
233 1716 341 1765 Errant
358 1712 444 1783 igitur
462 1713 587 1781 Ettnici,
611 1713 659 1783 qui
677 1714 807 1769 invocant
824 1732 882 1784 eos,

86 1798 140 1834 ura
156 1798 213 1835 non
230 1787 295 1834 sunt
314 1780 366 1849 dii,
390 1782 490 1850 solem,
513 1783 609 1835 lunam
627 1790 678 1836 ete.
723 1781 788 1837 Vid.
808 1784 879 1851 Sap.

96 1851 209 1902 Errant
227 1855 248 1903 2.
269 1851 380 1903 Judaa·
395 1859 420 1903 et
442 1853 561 1916 Parcae,
580 1851 627 1921 qui
644 1850 776 1905 invocant
786 1852 879 1906 Deum

91 1919 139 1988 qui
156 1918 261 1972 creavit
280 1919 388 1973 eoelum
410 1925 439 1974 et
464 1925 579 1987 terram,
602 1918 694 1974 Deum
717 1920 879 1989 Abrahami,

86 1986 238 2054 rtJeeobi,
269 2004 365 2041 rerum
388 2005 444 2042 non
462 1992 619 2080 agnoscunt
636 2005 723 2052 unum
740 1989 768 2042 in
788 2006 879 2044 essen-

86 2056 190 2110 trinum
207 2056 236 2109 in
252 2056 385 2126 personis,
403 2056 452 2111 sed
471 2057 574 2111 l⁴ilium
593 2062 621 2112 et
639 2056 772 2126 Spiritum
792 2064 880 2114 sanet

87 2129 172 2179 mant.
208 2125 262 2187 Qut
279 2141 344 2180 vero
361 2125 464 2179 Filium
482 2144 538 2180 non
557 2126 688 2193 honorat,
713 2126 807 2182 isnee
826 2127 880 2181 Pa·

86 2199 182 2262 ›norat,
203 2194 269 2247 ιΙοΙι.
291 2198 316 2253 5,
336 2198 381 2248 23.
417 2195 477 2249 Nee
494 2195 618 2259 eredunt,
637 2195 711 2265 quod
729 2195 765 2249 sit
782 2197 880 2250 volun·

91 2303 99 2331 ‚
122 2268 153 2317 ut
171 2264 273 2331 omnis,
298 2263 346 2333 qui
370 2263 458 2318 eredit
480 2264 510 2317 in
532 2263 648 2328 Filium,
672 2264 775 2319 habeat
792 2267 882 2320 vitam

86 2350 117 2396 m,
135 2332 203 2384 Jot.
220 2334 247 2401 3,
265 2334 327 2400 15.)

281 2468 330 2534 12.
376 2467 483 2546 Quare
505 2468 586 2531 hoc?

87 2569 143 2641 uia
173 2573 200 2635 1.
228 2569 315 2634 solus
343 2591 437 2633 verus
467 2568 521 2633 ille
550 2568 641 2633 Deus
669 2592 817 2656 expresse
845 2571 881 2636 in

87 2655 144 2718 iris
168 2656 301 2739 jubetur
326 2655 452 2740 regisse
481 2654 607 2718 adorari
642 2677 699 2719 seu
727 2656 883 2735 invocari,

87 2742 119 2817 6,
141 2744 198 2817 133
220 2742 336 2804 Matth.
355 2750 387 2816 4,
414 2740 455 2804 10
476 2751 509 2802 et
529 2741 560 2816 6,
582 2740 610 2804 6.

87 2851 143 2919 uia
163 2850 193 2916 2.
216 2850 302 2914 solus
324 2850 378 2914 ille
400 2872 493 2913 verus
515 2849 606 2913 Deus
629 2860 677 2913 est
698 2862 790 2915 autor
811 2874 882 2915 orn·

87 2952 255 3012 sonorum,
274 2937 346 3001 Jar.
368 2939 396 3013 1,
414 2937 444 3019 5,
468 2935 555 2998 solus
578 2934 720 2998 omnium
740 2936 883 3021 gemitus

87 3044 138 3098 re,
167 3021 287 3104 ubique
315 3044 354 3084 ex
377 3020 523 3085 omnibus
547 3019 697 3105 periculis
719 3042 756 3084 ae
777 3021 883 3085 tribu-

87 3108 142 3170 nus
163 3128 222 3169 nos
244 3106 381 3171 liberare
403 3118 434 3170 et
455 3105 523 3169 vult
551 3116 583 3169 et
608 3115 730 3191 potest,
760 3106 839 3171 Pani
871 3159 882 3173 .

87 3240 94 3268 ‚
123 3213 196 3256 eum
219 3191 305 3255 solus
328 3192 369 3256 sit
387 3202 544 3256 scrutator
562 3189 723 3266 cordium,
752 3191 780 3254 1.
801 3192 882 3277 Req.

94 3276 287 3353 misericors,
313 3279 404 3343 Paul.
435 3278 504 3352 103,
530 3277 560 3352 8,
587 3274 769 3355 omniscius,
797 3279 878 3346 Era.
