2250 3772
148 228 213 294 460
286 190 393 313 ¹Caput
414 225 474 293 111.
519 226 572 291 Dc
595 226 739 292 oratione
760 226 926 297 dominica
1070 39 1117 391 N

149 397 200 463 82.
231 396 333 480 Atqui
351 395 424 460 iaec
445 398 549 460 omnia
571 397 659 460 Deus
683 396 818 481 lorqitrtr
846 400 936 464 dom
952 383 1048 482 spii*

206 482 473 565 conpetentibus,
495 482 571 563 qnid
592 503 662 565 erpo
749 505 764 545 s
785 492 831 546 est
850 505 906 547 nos
926 504 996 548 eoo

501 565 572 629 Deo
589 576 708 648 petere.

234 666 325 730 Deus
351 664 406 728 dat
435 664 564 750 quidem
592 664 655 729 ista
682 666 780 731 etiam
809 667 903 732 malis
922 688 984 732 non
998 682 1071 754 pe*

149 751 306 834 tentibus,
335 772 446 814 verum
466 772 525 814 nos
569 772 729 838 reoamur,
757 762 794 816 ut
812 774 1014 839 agnoscamus
1042 762 1072 807 Θ

150 837 241 921 larga
260 833 325 899 Dei
347 857 443 898 manu
463 856 522 899 nos
546 772 626 900 baec
647 835 732 900 bona
754 836 821 902 acci
844 860 909 926 ere,
929 848 961 903 et
978 831 1076 924 peti-

149 943 231 997 mus,
251 930 288 984 ut
308 918 402 983 nobis
425 918 489 983 sint
511 919 676 1006 salutaria,
699 931 730 985 et
750 932 786 986 ut
809 921 818 937 ’
845 922 853 938 ’
896 943 968 989 oum
986 941 1079 1010 guar

149 1005 265 1070 tiorum
288 1003 411 1068 actione
432 1015 573 1082 utamur,
594 1005 746 1073 fruamur.

400 1157 466 1222 DE
486 1159 528 1225 V.
551 1158 816 1228 PETITIONE.

323 1276 374 1342 83.
408 1279 517 1340 Recito
532 1281 713 1362 petitionem
736 1281 887 1363 quintum.

234 1396 279 1458 Et
299 1393 424 1460 remitte
445 1394 540 1460 nobis
562 1394 671 1460 debita
691 1405 816 1484 nostra,
848 1396 932 1462 sicut
951 1406 982 1464 et
999 1405 1076 1461 no&

148 1478 338 1544 remittimus
360 1479 558 1545 debitoribus
579 1479 706 1547 nostris.

249 1616 300 1681 84.
337 1614 424 1694 Quae
443 1629 487 1680 est
503 1616 594 1700 hujus
610 1617 769 1701 petitionis
793 1615 966 1682 smhntioi

234 1716 380 1782 Petimus
411 1716 471 1780 hac
498 1716 697 1801 precatione,
725 1738 766 1781 ne
788 1716 889 1782 Pater
916 1710 1075 1783 coelestifl

147 1801 225 1868 velit
244 1802 402 1889 respicere
421 1811 557 1902 peccata
575 1811 685 1866 nostra
714 1810 746 1866 et
770 1812 910 1950 1propter
928 1803 989 1868 ista
1006 1820 1077 1866 re*

148 1887 333 1954 missionem
354 1887 447 1950 nobrs
469 1887 550 1951 dene
575 1910 628 1951 are
640 1911 649 1963 ;
682 1909 768 1970 quan
792 1886 944 1971 equidem
963 1882 1074 1951 nullis

148 1974 255 2052 rebus,
280 1996 359 2058 quas
379 1971 527 2057 petimus,
549 1909 640 2057 iigni
662 1994 785 2048 sumus,
805 1993 866 2037 nec
888 1973 1074 2057 quicquum

149 2059 265 2123 mereri
283 2079 471 2143 possumus;
494 2056 551 2121 sed
565 2069 601 2120 ut
615 2056 692 2120 velit
706 2055 799 2121 nobis
815 2079 873 2121 sua
887 2058 990 2143 gratia
1002 2057 1076 2121 do‘

147 2165 224 2206 nare
261 2142 381 2217 omnia,
415 2141 492 2226 quia
526 2141 670 2225 quotidie
702 2141 922 2228 multipliciter
949 2161 1081 2230 pecco*

146 2249 237 2302 mus,
264 2237 296 2290 et
323 2225 402 2289 nihil
429 2225 491 2290 nisi
521 2249 642 2313 poenas
670 2248 838 2291 meremur.
881 2226 975 2292 Tunc
999 2232 1078 2290 nofl

146 2311 277 2394 quidem
301 2311 442 2375 vicissim
471 2334 511 2375 ex
540 2311 636 2375 corde
668 2311 921 2377 condonabimus
952 2313 1007 2390 iis,
1032 2322 1084 2369 Φ

146 2395 263 2544 puibus
285 2395 320 2459 in
338 2417 396 2459 nos
411 2407 578 2481 peccatum
594 2406 651 2474 est,
671 2395 798 2481 illisque
812 2396 951 2463 libenter
963 2399 1083 2462 beue‘

161 2503 309 2547 acuemus.

325 2598 375 2666 85.
411 2598 495 2678 Quid
514 2601 656 2685 inteiiipis
672 2623 733 2684 per
754 2599 885 2665 debitat

233 2699 351 2763 Debita
374 2712 482 2763 costra
504 2708 578 2762 sunt
603 2700 710 2764 omnia
729 2713 838 2766 nostra
851 2711 991 2787 peccato,
1007 2692 1084 2787 uf:

146 2781 265 2859 fectus,
299 2783 454 2869 cogitata,
488 2784 573 2847 diota
608 2797 640 2849 et
670 2785 754 2850 iacta
787 2808 860 2850 cum
890 2785 963 2872 lege
991 2782 1083 2849 Det

145 2867 332 2953 pugnantia,
353 2879 484 2953 peccata
505 2869 736 2936 commissionis
756 2883 788 2935 et
805 2869 993 2947 omissionis,

144 2975 265 3037 poenas
287 2953 479 3038 temporales
501 2965 532 3017 et
554 2966 697 3019 aeternas
721 2977 780 3020 nos
803 2954 985 3043 obligantis

216 3068 340 3139 (Debita,
361 3073 537 3139 Looas11,t
554 3079 670 3153 peccota
686 3073 896 3144 interpretatur.
925 3069 1078 3127 Debitffl

147 3137 267 3191 enimin
288 3139 446 3208 scriptorio
465 3141 563 3193 delicte
581 3144 608 3209 fi
626 3159 682 3194 oro
699 3149 748 3196 eet.
782 3140 902 3195 Tortuil.
922 3157 945 3197 o.
965 3144 986 3194 7.
1000 3126 1041 3190 fib
1056 3162 1073 3175 ·

146 3204 180 3258 de
199 3211 267 3260 orat.
286 3214 306 3262 t.
325 3213 348 3262 2.
366 3225 393 3277 p.
409 3215 467 3289 213,
479 3208 514 3262 A.
533 3160 636 3265 Mati.
652 3213 693 3279 18,
712 3212 750 3263 27
769 3210 946 3292 appellantur
963 3208 1073 3283 auton

146 3279 264 3343 peccata
281 3281 376 3330 nostra
399 3276 496 3331 debita
512 3284 626 3348 propter
649 3278 872 3348 similitudmem
896 3279 966 3333 sieut
979 3276 1071 3331 ow
