<?xml version="1.0" encoding="UTF-8"?>
<!DOCTYPE html PUBLIC "-//W3C//DTD XHTML 1.0 Transitional//EN"
    "http://www.w3.org/TR/xhtml1/DTD/xhtml1-transitional.dtd">
<html xmlns="http://www.w3.org/1999/xhtml" xml:lang="en" lang="en">
 <head>
  <title>
</title>
<meta http-equiv="Content-Type" content="text/html;charset=utf-8" />
  <meta name='ocr-system' content='tesseract 3.04.00' />
  <meta name='ocr-capabilities' content='ocr_page ocr_carea ocr_par ocr_line ocrx_word'/>
</head>
<body>
  <div class='ocr_page' id='page_1' title='image "./dconradidieteri00dietgoog_0062.png"; bbox 0 0 2250 3772; ppageno 0'>
   <div class='ocr_carea' id='block_1_1' title="bbox 448 259 988 345">
    <p class='ocr_par' dir='ltr' id='par_1_1' title="bbox 448 259 988 345">
     <span class='ocr_line' id='line_1_1' title="bbox 448 259 988 345; baseline -0.015 -19"><span class='ocrx_word' id='word_1_1' title='bbox 448 259 621 345; x_wconf 80' lang='lat' dir='ltr'>Scriptura.</span> <span class='ocrx_word' id='word_1_2' title='bbox 945 263 988 328; x_wconf 80' lang='grc'>29</span> 
     </span>
    </p>
   </div>
   <div class='ocr_carea' id='block_1_2' title="bbox 110 426 992 1530">
    <p class='ocr_par' dir='ltr' id='par_1_2' title="bbox 112 426 990 568">
     <span class='ocr_line' id='line_1_2' title="bbox 113 426 990 485; baseline -0.003 0"><span class='ocrx_word' id='word_1_3' title='bbox 113 426 194 485; x_wconf 73' lang='lat' dir='ltr'>usur.</span> <span class='ocrx_word' id='word_1_4' title='bbox 207 434 284 485; x_wconf 65' lang='lat' dir='ltr'>tract</span> <span class='ocrx_word' id='word_1_5' title='bbox 300 435 341 484; x_wconf 82' lang='lat'>45.</span> <span class='ocrx_word' id='word_1_6' title='bbox 359 427 463 484; x_wconf 82' lang='lat' dir='ltr'>inJoh.</span> <span class='ocrx_word' id='word_1_7' title='bbox 481 434 502 485; x_wconf 76' lang='lat' dir='ltr'>l.</span> <span class='ocrx_word' id='word_1_8' title='bbox 515 434 540 484; x_wconf 78' lang='grc'><strong>9.</strong></span> <span class='ocrx_word' id='word_1_9' title='bbox 557 428 610 485; x_wconf 89' lang='lat' dir='ltr'>ool.</span> <span class='ocrx_word' id='word_1_10' title='bbox 623 433 682 484; x_wconf 77' lang='lat'><strong>331.</strong></span> <span class='ocrx_word' id='word_1_11' title='bbox 701 427 737 484; x_wconf 94' lang='lat' dir='ltr'>D.</span> <span class='ocrx_word' id='word_1_12' title='bbox 766 426 830 481; x_wconf 85' lang='lat' dir='ltr'>Huc</span> <span class='ocrx_word' id='word_1_13' title='bbox 869 428 990 484; x_wconf 77' lang='lat' dir='ltr'>attinent</span> 
     </span>
     <span class='ocr_line' id='line_1_3' title="bbox 112 495 990 568; baseline -0.001 -15"><span class='ocrx_word' id='word_1_14' title='bbox 112 496 271 568; x_wconf 62' lang='lat' dir='ltr'>Mororum</span> <span class='ocrx_word' id='word_1_15' title='bbox 284 513 421 552; x_wconf 67' lang='lat' dir='ltr'>emona:</span> <span class='ocrx_word' id='word_1_16' title='bbox 440 497 464 552; x_wconf 89' lang='lat'>1.</span> <span class='ocrx_word' id='word_1_17' title='bbox 477 495 579 552; x_wconf 87' lang='lat' dir='ltr'>Omnes</span> <span class='ocrx_word' id='word_1_18' title='bbox 596 496 707 552; x_wconf 79' lang='lat' dir='ltr'>articuli</span> <span class='ocrx_word' id='word_1_19' title='bbox 725 495 792 552; x_wconf 87' lang='lat' dir='ltr'>fidoi</span> <span class='ocrx_word' id='word_1_20' title='bbox 804 496 833 550; x_wconf 93' lang='lat' dir='ltr'>in</span> <span class='ocrx_word' id='word_1_21' title='bbox 897 498 903 510; x_wconf 87' lang='lat'>’</span> <span class='ocrx_word' id='word_1_22' title='bbox 925 503 990 552; x_wconf 80' lang='lat' dir='ltr'>tura</span> 
     </span>
    </p>

    <p class='ocr_par' dir='ltr' id='par_1_3' title="bbox 110 514 992 1530">
     <span class='ocr_line' id='line_1_4' title="bbox 173 514 989 636; baseline -0.001 -15"><span class='ocrx_word' id='word_1_23' title='bbox 173 572 272 623; x_wconf 81' lang='lat' dir='ltr'>nnntnr</span> <span class='ocrx_word' id='word_1_24' title='bbox 289 565 382 621; x_wconf 83' lang='lat' dir='ltr'>verbis</span> <span class='ocrx_word' id='word_1_25' title='bbox 399 565 491 634; x_wconf 85' lang='lat' dir='ltr'>claris,</span> <span class='ocrx_word' id='word_1_26' title='bbox 508 583 572 636; x_wconf 84' lang='lat' dir='ltr'>pers</span> <span class='ocrx_word' id='word_1_27' title='bbox 592 565 662 620; x_wconf 87' lang='lat' dir='ltr'>iouis</span> <span class='ocrx_word' id='word_1_28' title='bbox 681 582 715 620; x_wconf 79' lang='lat' dir='ltr'>so</span> <span class='ocrx_word' id='word_1_29' title='bbox 732 566 858 635; x_wconf 83' lang='lat' dir='ltr'>propriis.</span> <span class='ocrx_word' id='word_1_30' title='bbox 886 514 926 620; x_wconf 69' lang='lat' dir='ltr'>li</span> <span class='ocrx_word' id='word_1_31' title='bbox 942 566 989 620; x_wconf 93' lang='lat' dir='ltr'>In·</span> 
     </span>
     <span class='ocr_line' id='line_1_5' title="bbox 110 580 988 705; baseline -0.002 -14"><span class='ocrx_word' id='word_1_32' title='bbox 110 580 249 691; x_wconf 59' lang='lat' dir='ltr'>modum</span> <span class='ocrx_word' id='word_1_33' title='bbox 267 641 311 692; x_wconf 85' lang='lat' dir='ltr'>est</span> <span class='ocrx_word' id='word_1_34' title='bbox 325 634 355 688; x_wconf 93' lang='lat' dir='ltr'>in</span> <span class='ocrx_word' id='word_1_35' title='bbox 372 633 424 703; x_wconf 86' lang='lat' dir='ltr'>his,</span> <span class='ocrx_word' id='word_1_36' title='bbox 443 651 515 705; x_wconf 82' lang='lat' dir='ltr'>quae</span> <span class='ocrx_word' id='word_1_37' title='bbox 533 635 562 688; x_wconf 93' lang='lat' dir='ltr'>in</span> <span class='ocrx_word' id='word_1_38' title='bbox 573 583 718 704; x_wconf 61' lang='lat' dir='ltr'>goripona</span> <span class='ocrx_word' id='word_1_39' title='bbox 732 641 796 688; x_wconf 88' lang='lat' dir='ltr'>sunt</span> <span class='ocrx_word' id='word_1_40' title='bbox 806 633 988 705; x_wconf 83' lang='lat' dir='ltr'>apertissima,</span> 
     </span>
     <span class='ocr_line' id='line_1_6' title="bbox 110 703 990 775; baseline -0.002 -16"><span class='ocrx_word' id='word_1_41' title='bbox 110 708 167 759; x_wconf 78' lang='lat' dir='ltr'>etex</span> <span class='ocrx_word' id='word_1_42' title='bbox 182 704 222 759; x_wconf 84' lang='lat' dir='ltr'>his</span> <span class='ocrx_word' id='word_1_43' title='bbox 238 705 397 760; x_wconf 77' lang='lat' dir='ltr'>revelentur</span> <span class='ocrx_word' id='word_1_44' title='bbox 414 703 538 758; x_wconf 82' lang='lat' dir='ltr'>obseura</span> <span class='ocrx_word' id='word_1_45' title='bbox 567 703 658 757; x_wconf 87' lang='lat' dir='ltr'>Multa</span> <span class='ocrx_word' id='word_1_46' title='bbox 668 703 828 775; x_wconf 77' lang='lat' dir='ltr'>scripturae</span> <span class='ocrx_word' id='word_1_47' title='bbox 845 703 908 757; x_wconf 84' lang='lat' dir='ltr'>loca</span> <span class='ocrx_word' id='word_1_48' title='bbox 924 709 990 757; x_wconf 81' lang='lat' dir='ltr'>sunt</span> 
     </span>
     <span class='ocr_line' id='line_1_7' title="bbox 110 770 989 844; baseline -0.005 -15"><span class='ocrx_word' id='word_1_49' title='bbox 110 770 199 829; x_wconf 62' lang='lat' dir='ltr'>mre</span> <span class='ocrx_word' id='word_1_50' title='bbox 217 772 353 844; x_wconf 75' lang='lat' dir='ltr'>(intellige</span> <span class='ocrx_word' id='word_1_51' title='bbox 375 772 481 827; x_wconf 77' lang='lat' dir='ltr'>ratione</span> <span class='ocrx_word' id='word_1_52' title='bbox 501 773 658 837; x_wconf 85' lang='lat' dir='ltr'>verborum)</span> <span class='ocrx_word' id='word_1_53' title='bbox 682 779 710 826; x_wconf 86' lang='lat' dir='ltr'>et</span> <span class='ocrx_word' id='word_1_54' title='bbox 734 772 822 826; x_wconf 82' lang='lat' dir='ltr'>multa</span> <span class='ocrx_word' id='word_1_55' title='bbox 845 779 910 826; x_wconf 85' lang='lat' dir='ltr'>sunt</span> <span class='ocrx_word' id='word_1_56' title='bbox 929 789 989 826; x_wconf 81' lang='lat' dir='ltr'>ver·</span> 
     </span>
     <span class='ocr_line' id='line_1_8' title="bbox 110 839 991 912; baseline -0.005 -15"><span class='ocrx_word' id='word_1_57' title='bbox 110 839 182 896; x_wconf 76' lang='lat' dir='ltr'>loun</span> <span class='ocrx_word' id='word_1_58' title='bbox 198 848 227 897; x_wconf 82' lang='lat' dir='ltr'>et</span> <span class='ocrx_word' id='word_1_59' title='bbox 244 840 443 897; x_wconf 78' lang='lat' dir='ltr'>sententiarum</span> <span class='ocrx_word' id='word_1_60' title='bbox 465 841 622 895; x_wconf 85' lang='lat' dir='ltr'>involucra:</span> <span class='ocrx_word' id='word_1_61' title='bbox 648 841 754 895; x_wconf 91' lang='lat' dir='ltr'>nullum</span> <span class='ocrx_word' id='word_1_62' title='bbox 777 847 870 894; x_wconf 82' lang='lat' dir='ltr'>tamen</span> <span class='ocrx_word' id='word_1_63' title='bbox 887 841 991 912; x_wconf 78' lang='lat' dir='ltr'>dogma</span> 
     </span>
     <span class='ocr_line' id='line_1_9' title="bbox 110 907 990 979; baseline -0.001 -13"><span class='ocrx_word' id='word_1_64' title='bbox 110 907 228 966; x_wconf 76' lang='lat' dir='ltr'>obsosm</span> <span class='ocrx_word' id='word_1_65' title='bbox 244 918 294 965; x_wconf 80' lang='lat' dir='ltr'>est.</span> <span class='ocrx_word' id='word_1_66' title='bbox 319 908 372 963; x_wconf 89' lang='lat'>111.</span> <span class='ocrx_word' id='word_1_67' title='bbox 386 908 443 965; x_wconf 88' lang='lat' dir='ltr'>Res</span> <span class='ocrx_word' id='word_1_68' title='bbox 454 910 531 979; x_wconf 89' lang='lat' dir='ltr'>ipsae</span> <span class='ocrx_word' id='word_1_69' title='bbox 545 909 708 964; x_wconf 74' lang='lat' dir='ltr'><strong>manifestae</strong></span> <span class='ocrx_word' id='word_1_70' title='bbox 721 913 786 962; x_wconf 86' lang='lat' dir='ltr'>eunt</span> <span class='ocrx_word' id='word_1_71' title='bbox 796 908 826 962; x_wconf 93' lang='lat' dir='ltr'>in</span> <span class='ocrx_word' id='word_1_72' title='bbox 838 908 990 978; x_wconf 82' lang='lat' dir='ltr'>Scriptura.</span> 
     </span>
     <span class='ocr_line' id='line_1_10' title="bbox 110 976 990 1059; baseline 0 -27"><span class='ocrx_word' id='word_1_73' title='bbox 110 976 139 1032; x_wconf 81' lang='lat' dir='ltr'>lo</span> <span class='ocrx_word' id='word_1_74' title='bbox 150 980 255 1049; x_wconf 84' lang='lat' dir='ltr'>proinde</span> <span class='ocrx_word' id='word_1_75' title='bbox 272 978 454 1033; x_wconf 86' lang='lat' dir='ltr'>laborandum</span> <span class='ocrx_word' id='word_1_76' title='bbox 473 983 523 1046; x_wconf 76' lang='lat' dir='ltr'>est,</span> <span class='ocrx_word' id='word_1_77' title='bbox 541 979 564 1032; x_wconf 86' lang='lat' dir='ltr'>si</span> <span class='ocrx_word' id='word_1_78' title='bbox 577 979 664 1032; x_wconf 84' lang='lat' dir='ltr'>verba</span> <span class='ocrx_word' id='word_1_79' title='bbox 676 978 842 1059; x_wconf 82' lang='lat' dir='ltr'>quandoque</span> <span class='ocrx_word' id='word_1_80' title='bbox 854 978 884 1031; x_wconf 87' lang='lat' dir='ltr'>in</span> <span class='ocrx_word' id='word_1_81' title='bbox 896 977 990 1032; x_wconf 83' lang='lat' dir='ltr'>multis</span> 
     </span>
     <span class='ocr_line' id='line_1_11' title="bbox 110 1044 989 1112; baseline -0.002 -11"><span class='ocrx_word' id='word_1_82' title='bbox 110 1044 157 1101; x_wconf 84' lang='lat' dir='ltr'>loeis</span> <span class='ocrx_word' id='word_1_83' title='bbox 172 1049 259 1103; x_wconf 87' lang='lat' dir='ltr'>minus</span> <span class='ocrx_word' id='word_1_84' title='bbox 278 1047 427 1101; x_wconf 81' lang='lat' dir='ltr'>manifesta</span> <span class='ocrx_word' id='word_1_85' title='bbox 444 1047 554 1101; x_wconf 83' lang='lat' dir='ltr'>fuerint.</span> <span class='ocrx_word' id='word_1_86' title='bbox 591 1046 641 1103; x_wconf 87' lang='lat' dir='ltr'>IV.</span> <span class='ocrx_word' id='word_1_87' title='bbox 660 1047 690 1103; x_wconf 85' lang='lat' dir='ltr'>S1</span> <span class='ocrx_word' id='word_1_88' title='bbox 706 1064 751 1101; x_wconf 86' lang='lat' dir='ltr'>res</span> <span class='ocrx_word' id='word_1_89' title='bbox 769 1046 902 1100; x_wconf 84' lang='lat' dir='ltr'>obscurae</span> <span class='ocrx_word' id='word_1_90' title='bbox 916 1053 989 1112; x_wconf 86' lang='lat' dir='ltr'>sunt,</span> 
     </span>
     <span class='ocr_line' id='line_1_12' title="bbox 110 1111 990 1187; baseline 0.002 -20"><span class='ocrx_word' id='word_1_91' title='bbox 110 1111 166 1170; x_wconf 82' lang='lat' dir='ltr'>idfit</span> <span class='ocrx_word' id='word_1_92' title='bbox 180 1133 233 1172; x_wconf 91' lang='lat' dir='ltr'>non</span> <span class='ocrx_word' id='word_1_93' title='bbox 252 1133 286 1171; x_wconf 84' lang='lat' dir='ltr'>ex</span> <span class='ocrx_word' id='word_1_94' title='bbox 305 1116 428 1187; x_wconf 84' lang='lat' dir='ltr'>ipsarum</span> <span class='ocrx_word' id='word_1_95' title='bbox 447 1115 614 1171; x_wconf 81' lang='lat' dir='ltr'>obscuritate</span> <span class='ocrx_word' id='word_1_96' title='bbox 632 1121 660 1170; x_wconf 83' lang='lat' dir='ltr'>et</span> <span class='ocrx_word' id='word_1_97' title='bbox 687 1114 865 1182; x_wconf 79' lang='lat' dir='ltr'>difficultate,</span> <span class='ocrx_word' id='word_1_98' title='bbox 889 1114 939 1170; x_wconf 86' lang='lat' dir='ltr'>sed</span> <span class='ocrx_word' id='word_1_99' title='bbox 957 1132 990 1169; x_wconf 84' lang='lat' dir='ltr'>ex</span> 
     </span>
     <span class='ocr_line' id='line_1_13' title="bbox 110 1183 990 1255; baseline -0.005 -15"><span class='ocrx_word' id='word_1_100' title='bbox 110 1190 180 1240; x_wconf 78' lang='lat' dir='ltr'>usos</span> <span class='ocrx_word' id='word_1_101' title='bbox 201 1185 337 1240; x_wconf 73' lang='lat' dir='ltr'>caecitate</span> <span class='ocrx_word' id='word_1_102' title='bbox 363 1189 392 1239; x_wconf 82' lang='lat' dir='ltr'>et</span> <span class='ocrx_word' id='word_1_103' title='bbox 416 1183 581 1255; x_wconf 80' lang='lat' dir='ltr'>ignorantia</span> <span class='ocrx_word' id='word_1_104' title='bbox 624 1184 660 1240; x_wconf 87' lang='lat' dir='ltr'>V.</span> <span class='ocrx_word' id='word_1_105' title='bbox 679 1183 766 1239; x_wconf 81' lang='lat' dir='ltr'>Sacra</span> <span class='ocrx_word' id='word_1_106' title='bbox 790 1183 935 1254; x_wconf 70' lang='lat' dir='ltr'>Scriptura</span> <span class='ocrx_word' id='word_1_107' title='bbox 962 1188 990 1236; x_wconf 85' lang='lat' dir='ltr'>et</span> 
     </span>
     <span class='ocr_line' id='line_1_14' title="bbox 111 1248 991 1320; baseline -0.003 -13"><span class='ocrx_word' id='word_1_108' title='bbox 111 1250 164 1307; x_wconf 67' lang='lat' dir='ltr'>thre</span> <span class='ocrx_word' id='word_1_109' title='bbox 178 1259 262 1309; x_wconf 79' lang='lat' dir='ltr'>estet</span> <span class='ocrx_word' id='word_1_110' title='bbox 281 1251 416 1320; x_wconf 80' lang='lat' dir='ltr'>difficilis,</span> <span class='ocrx_word' id='word_1_111' title='bbox 442 1252 498 1306; x_wconf 81' lang='grc' dir='ltr'><em>κατ’</em></span> <span class='ocrx_word' id='word_1_112' title='bbox 524 1251 592 1306; x_wconf 76' lang='grc' dir='ltr'><strong><em>ἄλλο</em></strong></span> <span class='ocrx_word' id='word_1_113' title='bbox 615 1257 662 1306; x_wconf 80' lang='grc' dir='ltr'>καὶ</span> <span class='ocrx_word' id='word_1_114' title='bbox 682 1248 758 1306; x_wconf 79' lang='grc' dir='ltr'><strong>ἄλλο.</strong></span> <span class='ocrx_word' id='word_1_115' title='bbox 804 1251 887 1306; x_wconf 81' lang='lat' dir='ltr'>Clara</span> <span class='ocrx_word' id='word_1_116' title='bbox 905 1258 946 1307; x_wconf 82' lang='lat' dir='ltr'>ost</span> <span class='ocrx_word' id='word_1_117' title='bbox 962 1253 991 1304; x_wconf 90' lang='lat' dir='ltr'>in</span> 
     </span>
     <span class='ocr_line' id='line_1_15' title="bbox 111 1318 991 1392; baseline -0.002 -15"><span class='ocrx_word' id='word_1_118' title='bbox 111 1318 304 1391; x_wconf 59' lang='lat' dir='ltr'>elucemus,</span> <span class='ocrx_word' id='word_1_119' title='bbox 323 1320 377 1375; x_wconf 88' lang='lat' dir='ltr'>hoo</span> <span class='ocrx_word' id='word_1_120' title='bbox 394 1327 446 1391; x_wconf 87' lang='lat' dir='ltr'>est,</span> <span class='ocrx_word' id='word_1_121' title='bbox 463 1338 534 1392; x_wconf 84' lang='lat' dir='ltr'>quae</span> <span class='ocrx_word' id='word_1_122' title='bbox 546 1322 638 1376; x_wconf 84' lang='lat' dir='ltr'>verbis</span> <span class='ocrx_word' id='word_1_123' title='bbox 649 1321 777 1391; x_wconf 84' lang='lat' dir='ltr'>propriis,</span> <span class='ocrx_word' id='word_1_124' title='bbox 797 1321 878 1374; x_wconf 83' lang='lat' dir='ltr'>claris</span> <span class='ocrx_word' id='word_1_125' title='bbox 891 1328 919 1376; x_wconf 83' lang='lat' dir='ltr'>et</span> <span class='ocrx_word' id='word_1_126' title='bbox 929 1337 991 1390; x_wconf 89' lang='lat' dir='ltr'>per·</span> 
     </span>
     <span class='ocr_line' id='line_1_16' title="bbox 111 1388 992 1471; baseline -0.002 -28"><span class='ocrx_word' id='word_1_127' title='bbox 111 1388 188 1465; x_wconf 69' lang='lat' dir='ltr'>punis</span> <span class='ocrx_word' id='word_1_128' title='bbox 209 1390 361 1447; x_wconf 77' lang='lat' dir='ltr'>enunciant</span> <span class='ocrx_word' id='word_1_129' title='bbox 379 1408 487 1445; x_wconf 89' lang='lat' dir='ltr'>summa</span> <span class='ocrx_word' id='word_1_130' title='bbox 501 1390 644 1471; x_wconf 68' lang='lat' dir='ltr'>religionis</span> <span class='ocrx_word' id='word_1_131' title='bbox 661 1391 762 1459; x_wconf 82' lang='lat' dir='ltr'>capita</span> <span class='ocrx_word' id='word_1_132' title='bbox 798 1389 930 1444; x_wconf 85' lang='lat' dir='ltr'>Difficilis</span> <span class='ocrx_word' id='word_1_133' title='bbox 950 1394 992 1444; x_wconf 84' lang='lat' dir='ltr'>est</span> 
     </span>
     <span class='ocr_line' id='line_1_17' title="bbox 111 1458 929 1530; baseline -0.002 -17"><span class='ocrx_word' id='word_1_134' title='bbox 111 1471 132 1508; x_wconf 76' lang='lat' dir='ltr'>m</span> <span class='ocrx_word' id='word_1_135' title='bbox 143 1460 282 1515; x_wconf 68' lang='lat' dir='ltr'>nunciatis</span> <span class='ocrx_word' id='word_1_136' title='bbox 302 1460 436 1530; x_wconf 86' lang='lat' dir='ltr'>mysticis,</span> <span class='ocrx_word' id='word_1_137' title='bbox 456 1459 669 1527; x_wconf 76' lang='lat' dir='ltr'>sublimioribus,</span> <span class='ocrx_word' id='word_1_138' title='bbox 689 1465 716 1513; x_wconf 84' lang='lat' dir='ltr'>et</span> <span class='ocrx_word' id='word_1_139' title='bbox 734 1458 929 1525; x_wconf 82' lang='lat' dir='ltr'>onomasticis.)</span> 
     </span>
    </p>
   </div>
   <div class='ocr_carea' id='block_1_3' title="bbox 112 1582 993 1875">
    <p class='ocr_par' dir='ltr' id='par_1_4' title="bbox 112 1582 993 1875">
     <span class='ocr_line' id='line_1_18' title="bbox 112 1582 993 1673; baseline 0 -24"><span class='ocrx_word' id='word_1_140' title='bbox 112 1582 148 1651; x_wconf 79' lang='lat'>30.</span> <span class='ocrx_word' id='word_1_141' title='bbox 173 1586 249 1654; x_wconf 74' lang='lat' dir='ltr'>Uada</span> <span class='ocrx_word' id='word_1_142' title='bbox 270 1590 392 1673; x_wconf 80' lang='lat' dir='ltr'>probae</span> <span class='ocrx_word' id='word_1_143' title='bbox 422 1611 544 1652; x_wconf 82' lang='lat' dir='ltr'>sueram</span> <span class='ocrx_word' id='word_1_144' title='bbox 567 1587 765 1671; x_wconf 70' lang='lat' dir='ltr'>Scmpturom</span> <span class='ocrx_word' id='word_1_145' title='bbox 789 1611 852 1652; x_wconf 81' lang='lat' dir='ltr'>osee</span> <span class='ocrx_word' id='word_1_146' title='bbox 874 1586 993 1651; x_wconf 81' lang='lat' dir='ltr'>olorum</span> 
     </span>
     <span class='ocr_line' id='line_1_19' title="bbox 405 1671 670 1757; baseline -0.015 -20"><span class='ocrx_word' id='word_1_147' title='bbox 405 1684 433 1738; x_wconf 78' lang='lat' dir='ltr'>el</span> <span class='ocrx_word' id='word_1_148' title='bbox 448 1671 670 1757; x_wconf 75' lang='lat' dir='ltr'>perspicuam?</span> 
     </span>
     <span class='ocr_line' id='line_1_20' title="bbox 173 1786 992 1875; baseline -0.001 -22"><span class='ocrx_word' id='word_1_149' title='bbox 173 1788 266 1866; x_wconf 88' lang='lat' dir='ltr'>Inde,</span> <span class='ocrx_word' id='word_1_150' title='bbox 292 1786 369 1872; x_wconf 91' lang='lat' dir='ltr'>quia</span> <span class='ocrx_word' id='word_1_151' title='bbox 392 1791 420 1854; x_wconf 89' lang='lat'>1.</span> <span class='ocrx_word' id='word_1_152' title='bbox 442 1799 491 1853; x_wconf 84' lang='lat' dir='ltr'>cst</span> <span class='ocrx_word' id='word_1_153' title='bbox 511 1788 641 1853; x_wconf 88' lang='lat' dir='ltr'>lucerna</span> <span class='ocrx_word' id='word_1_154' title='bbox 662 1787 799 1875; x_wconf 87' lang='lat' dir='ltr'>pedibus</span> <span class='ocrx_word' id='word_1_155' title='bbox 821 1787 937 1852; x_wconf 88' lang='lat' dir='ltr'>nostris</span> <span class='ocrx_word' id='word_1_156' title='bbox 959 1800 992 1852; x_wconf 82' lang='lat' dir='ltr'>et</span> 
     </span>
    </p>
   </div>
   <div class='ocr_carea' id='block_1_4' title="bbox 104 1866 996 3149">
    <p class='ocr_par' dir='ltr' id='par_1_5' title="bbox 112 1866 799 1950">
     <span class='ocr_line' id='line_1_21' title="bbox 112 1866 799 1950; baseline 0.01 -19"><span class='ocrx_word' id='word_1_157' title='bbox 112 1866 192 1937; x_wconf 79' lang='lat' dir='ltr'>lunen</span> <span class='ocrx_word' id='word_1_158' title='bbox 211 1873 343 1938; x_wconf 85' lang='lat' dir='ltr'>semitae</span> <span class='ocrx_word' id='word_1_159' title='bbox 363 1885 506 1950; x_wconf 90' lang='lat' dir='ltr'>nostrae,</span> <span class='ocrx_word' id='word_1_160' title='bbox 526 1876 610 1938; x_wconf 74' lang='lat' dir='ltr'>Pool.</span> <span class='ocrx_word' id='word_1_161' title='bbox 636 1875 707 1949; x_wconf 87' lang='grc'><strong>119,</strong></span> <span class='ocrx_word' id='word_1_162' title='bbox 729 1874 799 1939; x_wconf 78' lang='grc'><strong>105.</strong></span> 
     </span>
    </p>

    <p class='ocr_par' dir='ltr' id='par_1_6' title="bbox 110 1956 993 2205">
     <span class='ocr_line' id='line_1_22' title="bbox 172 1956 993 2044; baseline -0.006 -21"><span class='ocrx_word' id='word_1_163' title='bbox 172 1956 253 2040; x_wconf 81' lang='lat' dir='ltr'>Quia</span> <span class='ocrx_word' id='word_1_164' title='bbox 282 1961 311 2024; x_wconf 79' lang='lat'>2.</span> <span class='ocrx_word' id='word_1_165' title='bbox 339 1972 388 2022; x_wconf 86' lang='lat' dir='ltr'>est</span> <span class='ocrx_word' id='word_1_166' title='bbox 415 1959 545 2023; x_wconf 87' lang='lat' dir='ltr'>lucerna</span> <span class='ocrx_word' id='word_1_167' title='bbox 572 1958 743 2044; x_wconf 78' lang='lat' dir='ltr'>splendens</span> <span class='ocrx_word' id='word_1_168' title='bbox 772 1957 806 2021; x_wconf 93' lang='lat' dir='ltr'>in</span> <span class='ocrx_word' id='word_1_169' title='bbox 837 1956 908 2020; x_wconf 90' lang='lat' dir='ltr'>loco</span> <span class='ocrx_word' id='word_1_170' title='bbox 934 1956 993 2019; x_wconf 92' lang='lat' dir='ltr'>ob-</span> 
     </span>
     <span class='ocr_line' id='line_1_23' title="bbox 110 2040 993 2195; baseline -0.003 -88"><span class='ocrx_word' id='word_1_171' title='bbox 110 2058 196 2190; x_wconf 50' lang='grc' dir='ltr'><strong>Ξῦιῗ,</strong></span> <span class='ocrx_word' id='word_1_172' title='bbox 221 2043 405 2195; x_wconf 56' lang='grc' dir='ltr'>ἱΠυιῐὸἱηειηε</span> <span class='ocrx_word' id='word_1_173' title='bbox 431 2043 646 2108; x_wconf 84' lang='lat' dir='ltr'>tenebricosos</span> <span class='ocrx_word' id='word_1_174' title='bbox 675 2041 839 2107; x_wconf 91' lang='lat' dir='ltr'>hominum</span> <span class='ocrx_word' id='word_1_175' title='bbox 859 2040 993 2118; x_wconf 85' lang='lat' dir='ltr'>animos,</span> 
     </span>
     <span class='ocr_line' id='line_1_24' title="bbox 126 2130 328 2205; baseline 0.005 -14"><span class='ocrx_word' id='word_1_176' title='bbox 126 2172 132 2185; x_wconf 87' lang='lat'><strong>·</strong></span> <span class='ocrx_word' id='word_1_177' title='bbox 171 2130 328 2205; x_wconf 81' lang='lat' dir='ltr'>eo.1,1.</span> 
     </span>
    </p>

    <p class='ocr_par' dir='ltr' id='par_1_7' title="bbox 108 2211 995 2461">
     <span class='ocr_line' id='line_1_25' title="bbox 173 2211 995 2298; baseline -0.005 -19"><span class='ocrx_word' id='word_1_178' title='bbox 173 2211 256 2294; x_wconf 79' lang='lat' dir='ltr'>Quia</span> <span class='ocrx_word' id='word_1_179' title='bbox 284 2214 314 2279; x_wconf 86' lang='lat'>3.</span> <span class='ocrx_word' id='word_1_180' title='bbox 336 2235 459 2277; x_wconf 85' lang='lat' dir='ltr'>errores</span> <span class='ocrx_word' id='word_1_181' title='bbox 488 2225 520 2277; x_wconf 89' lang='lat' dir='ltr'>et</span> <span class='ocrx_word' id='word_1_182' title='bbox 547 2213 762 2298; x_wconf 83' lang='lat' dir='ltr'>ignorantiam</span> <span class='ocrx_word' id='word_1_183' title='bbox 788 2211 934 2287; x_wconf 77' lang='lat' dir='ltr'>discutit,</span> <span class='ocrx_word' id='word_1_184' title='bbox 963 2222 995 2275; x_wconf 87' lang='lat' dir='ltr'>et</span> 
     </span>
     <span class='ocr_line' id='line_1_26' title="bbox 109 2289 994 2385; baseline -0.001 -24"><span class='ocrx_word' id='word_1_185' title='bbox 109 2289 192 2361; x_wconf 74' lang='lat' dir='ltr'>lumen</span> <span class='ocrx_word' id='word_1_186' title='bbox 212 2297 404 2385; x_wconf 79' lang='lat' dir='ltr'>cognitionis</span> <span class='ocrx_word' id='word_1_187' title='bbox 422 2297 543 2364; x_wconf 84' lang='lat' dir='ltr'>Christi</span> <span class='ocrx_word' id='word_1_188' title='bbox 556 2298 706 2363; x_wconf 79' lang='lat' dir='ltr'>cordibus</span> <span class='ocrx_word' id='word_1_189' title='bbox 720 2297 837 2363; x_wconf 87' lang='lat' dir='ltr'>nostris</span> <span class='ocrx_word' id='word_1_190' title='bbox 851 2297 994 2383; x_wconf 83' lang='lat' dir='ltr'>praebet,</span> 
     </span>
     <span class='ocr_line' id='line_1_27' title="bbox 108 2375 692 2461; baseline 0.003 -13"><span class='ocrx_word' id='word_1_191' title='bbox 108 2375 265 2460; x_wconf 56' lang='lat' dir='ltr'>lunc,</span> <span class='ocrx_word' id='word_1_192' title='bbox 288 2384 337 2448; x_wconf 89' lang='grc'>16.</span> <span class='ocrx_word' id='word_1_193' title='bbox 361 2384 439 2448; x_wconf 79' lang='lat' dir='ltr'>el2.</span> <span class='ocrx_word' id='word_1_194' title='bbox 463 2383 537 2450; x_wconf 82' lang='lat' dir='ltr'>Cor.</span> <span class='ocrx_word' id='word_1_195' title='bbox 560 2385 640 2461; x_wconf 81' lang='grc'>4,4.</span> <span class='ocrx_word' id='word_1_196' title='bbox 663 2385 692 2451; x_wconf 91' lang='grc'>6.</span> 
     </span>
    </p>

    <p class='ocr_par' dir='ltr' id='par_1_8' title="bbox 108 2464 995 2636">
     <span class='ocr_line' id='line_1_28' title="bbox 173 2464 995 2554; baseline -0.009 -18"><span class='ocrx_word' id='word_1_197' title='bbox 173 2464 258 2549; x_wconf 82' lang='lat' dir='ltr'>Quia</span> <span class='ocrx_word' id='word_1_198' title='bbox 277 2469 308 2535; x_wconf 75' lang='lat'>4</span> <span class='ocrx_word' id='word_1_199' title='bbox 330 2466 506 2554; x_wconf 84' lang='lat' dir='ltr'>sapientem</span> <span class='ocrx_word' id='word_1_200' title='bbox 524 2468 693 2553; x_wconf 85' lang='lat' dir='ltr'>parvulum</span> <span class='ocrx_word' id='word_1_201' title='bbox 710 2466 817 2544; x_wconf 85' lang='lat' dir='ltr'>efficit,</span> <span class='ocrx_word' id='word_1_202' title='bbox 836 2488 891 2530; x_wconf 92' lang='lat' dir='ltr'>cor</span> <span class='ocrx_word' id='word_1_203' title='bbox 904 2464 995 2530; x_wconf 81' lang='lat' dir='ltr'>laeti-</span> 
     </span>
     <span class='ocr_line' id='line_1_29' title="bbox 108 2542 951 2636; baseline -0.005 -18"><span class='ocrx_word' id='word_1_204' title='bbox 108 2542 172 2629; x_wconf 65' lang='lat' dir='ltr'>flml,</span> <span class='ocrx_word' id='word_1_205' title='bbox 190 2552 301 2618; x_wconf 68' lang='lat' dir='ltr'>occulos</span> <span class='ocrx_word' id='word_1_206' title='bbox 322 2554 467 2636; x_wconf 75' lang='lat' dir='ltr'>(mentis)</span> <span class='ocrx_word' id='word_1_207' title='bbox 490 2552 664 2632; x_wconf 85' lang='lat' dir='ltr'>illuminat,</span> <span class='ocrx_word' id='word_1_208' title='bbox 685 2555 772 2620; x_wconf 79' lang='lat' dir='ltr'>Paul.</span> <span class='ocrx_word' id='word_1_209' title='bbox 795 2553 846 2628; x_wconf 88' lang='grc'>19,</span> <span class='ocrx_word' id='word_1_210' title='bbox 868 2552 898 2616; x_wconf 88' lang='grc'>8.</span> <span class='ocrx_word' id='word_1_211' title='bbox 921 2552 951 2616; x_wconf 87' lang='grc'>9.</span> 
     </span>
    </p>

    <p class='ocr_par' dir='ltr' id='par_1_9' title="bbox 106 2634 996 2885">
     <span class='ocr_line' id='line_1_30' title="bbox 173 2634 996 2721; baseline -0.009 -17"><span class='ocrx_word' id='word_1_212' title='bbox 173 2634 257 2718; x_wconf 78' lang='lat' dir='ltr'>Quia</span> <span class='ocrx_word' id='word_1_213' title='bbox 278 2639 308 2705; x_wconf 79' lang='lat'>5.</span> <span class='ocrx_word' id='word_1_214' title='bbox 332 2636 402 2702; x_wconf 83' lang='lat' dir='ltr'>sinc</span> <span class='ocrx_word' id='word_1_215' title='bbox 423 2659 462 2702; x_wconf 89' lang='lat' dir='ltr'>ea</span> <span class='ocrx_word' id='word_1_216' title='bbox 483 2639 590 2701; x_wconf 87' lang='lat' dir='ltr'>omnia</span> <span class='ocrx_word' id='word_1_217' title='bbox 611 2650 684 2702; x_wconf 87' lang='lat' dir='ltr'>sunt</span> <span class='ocrx_word' id='word_1_218' title='bbox 703 2638 882 2713; x_wconf 84' lang='lat' dir='ltr'>tenebrosa,</span> <span class='ocrx_word' id='word_1_219' title='bbox 903 2635 996 2721; x_wconf 87' lang='lat' dir='ltr'>igno-</span> 
     </span>
     <span class='ocr_line' id='line_1_31' title="bbox 106 2720 996 2873; baseline -0.004 -85"><span class='ocrx_word' id='word_1_220' title='bbox 106 2720 207 2873; x_wconf 48' lang='lat' dir='ltr'><em>W</em></span> <span class='ocrx_word' id='word_1_221' title='bbox 227 2739 488 2873; x_wconf 67' lang='lat' dir='ltr'>atqpe2err0rum</span> <span class='ocrx_word' id='word_1_222' title='bbox 507 2724 612 2808; x_wconf 89' lang='lat' dir='ltr'>plena,</span> <span class='ocrx_word' id='word_1_223' title='bbox 633 2723 717 2809; x_wconf 69' lang='lat' dir='ltr'>Epio.</span> <span class='ocrx_word' id='word_1_224' title='bbox 732 2725 763 2800; x_wconf 87' lang='grc'>4,</span> <span class='ocrx_word' id='word_1_225' title='bbox 780 2724 829 2791; x_wconf 86' lang='grc'>18.</span> <span class='ocrx_word' id='word_1_226' title='bbox 856 2724 947 2784; x_wconf 66' lang='lat' dir='ltr'>loom.</span> <span class='ocrx_word' id='word_1_227' title='bbox 964 2722 996 2797; x_wconf 79' lang='grc'>2,</span> 
     </span>
     <span class='ocr_line' id='line_1_32' title="bbox 137 2810 379 2885; baseline -0.012 -11"><span class='ocrx_word' id='word_1_228' title='bbox 137 2852 143 2866; x_wconf 87' lang='lat'><strong>·</strong></span> <span class='ocrx_word' id='word_1_229' title='bbox 200 2821 258 2874; x_wconf 81' lang='lat' dir='ltr'>.et</span> <span class='ocrx_word' id='word_1_230' title='bbox 300 2852 309 2885; x_wconf 88' lang='lat'><em>‚</em></span> <span class='ocrx_word' id='word_1_231' title='bbox 352 2810 379 2872; x_wconf 87' lang='lat'>1.</span> 
     </span>
    </p>

    <p class='ocr_par' dir='ltr' id='par_1_10' title="bbox 104 2886 996 3149">
     <span class='ocr_line' id='line_1_33' title="bbox 172 2886 994 2977; baseline -0.005 -21"><span class='ocrx_word' id='word_1_232' title='bbox 172 2890 257 2972; x_wconf 85' lang='lat' dir='ltr'>Quia</span> <span class='ocrx_word' id='word_1_233' title='bbox 288 2893 426 2977; x_wconf 88' lang='lat' dir='ltr'>denique</span> <span class='ocrx_word' id='word_1_234' title='bbox 456 2894 487 2958; x_wconf 90' lang='lat'>6.</span> <span class='ocrx_word' id='word_1_235' title='bbox 517 2892 574 2976; x_wconf 92' lang='lat' dir='ltr'>qui</span> <span class='ocrx_word' id='word_1_236' title='bbox 606 2916 678 2958; x_wconf 89' lang='lat' dir='ltr'>eam</span> <span class='ocrx_word' id='word_1_237' title='bbox 710 2902 902 2975; x_wconf 82' lang='lat' dir='ltr'>sequuntur,</span> <span class='ocrx_word' id='word_1_238' title='bbox 935 2886 994 2952; x_wconf 87' lang='lat' dir='ltr'>lilii</span> 
     </span>
     <span class='ocr_line' id='line_1_34' title="bbox 104 2966 996 3064; baseline -0.002 -25"><span class='ocrx_word' id='word_1_239' title='bbox 104 2966 184 3054; x_wconf 75' lang='lat' dir='ltr'>lucis,</span> <span class='ocrx_word' id='word_1_240' title='bbox 204 2977 261 3063; x_wconf 82' lang='lat' dir='ltr'>qui</span> <span class='ocrx_word' id='word_1_241' title='bbox 283 3000 360 3043; x_wconf 84' lang='lat' dir='ltr'>vero</span> <span class='ocrx_word' id='word_1_242' title='bbox 382 2990 551 3064; x_wconf 82' lang='lat' dir='ltr'>spernunt,</span> <span class='ocrx_word' id='word_1_243' title='bbox 580 2978 614 3041; x_wconf 94' lang='lat' dir='ltr'>in</span> <span class='ocrx_word' id='word_1_244' title='bbox 636 2975 775 3041; x_wconf 85' lang='lat' dir='ltr'>tenebris</span> <span class='ocrx_word' id='word_1_245' title='bbox 797 2995 924 3039; x_wconf 86' lang='lat' dir='ltr'>manere</span> <span class='ocrx_word' id='word_1_246' title='bbox 946 2972 996 3037; x_wconf 87' lang='lat' dir='ltr'>di-</span> 
     </span>
     <span class='ocr_line' id='line_1_35' title="bbox 105 3061 764 3149; baseline -0.002 -24"><span class='ocrx_word' id='word_1_247' title='bbox 105 3070 209 3141; x_wconf 78' lang='lat' dir='ltr'>untn,</span> <span class='ocrx_word' id='word_1_248' title='bbox 231 3061 346 3149; x_wconf 69' lang='lat' dir='ltr'>Eposo.</span> <span class='ocrx_word' id='word_1_249' title='bbox 368 3062 399 3142; x_wconf 79' lang='lat'>5,</span> <span class='ocrx_word' id='word_1_250' title='bbox 421 3065 450 3129; x_wconf 92' lang='lat'>8.</span> <span class='ocrx_word' id='word_1_251' title='bbox 487 3065 561 3129; x_wconf 77' lang='lat' dir='ltr'>Jol.</span> <span class='ocrx_word' id='word_1_252' title='bbox 584 3065 615 3141; x_wconf 88' lang='lat'>3,</span> <span class='ocrx_word' id='word_1_253' title='bbox 640 3064 690 3128; x_wconf 84' lang='lat'>19.</span> <span class='ocrx_word' id='word_1_254' title='bbox 713 3063 764 3126; x_wconf 76' lang='lat'>20.</span> 
     </span>
    </p>
   </div>
   <div class='ocr_carea' id='block_1_5' title="bbox 102 3176 1089 3557">
    <p class='ocr_par' dir='ltr' id='par_1_11' title="bbox 102 3176 1089 3557">
     <span class='ocr_line' id='line_1_36' title="bbox 159 3176 996 3252; baseline -0.006 -15"><span class='ocrx_word' id='word_1_255' title='bbox 159 3180 251 3249; x_wconf 72' lang='lat' dir='ltr'>(Ratio</span> <span class='ocrx_word' id='word_1_256' title='bbox 273 3186 295 3238; x_wconf 86' lang='lat'>1.</span> <span class='ocrx_word' id='word_1_257' title='bbox 315 3180 461 3252; x_wconf 86' lang='lat' dir='ltr'>desumpta</span> <span class='ocrx_word' id='word_1_258' title='bbox 477 3188 520 3234; x_wconf 84' lang='lat' dir='ltr'>est</span> <span class='ocrx_word' id='word_1_259' title='bbox 537 3197 555 3235; x_wconf 84' lang='lat' dir='ltr'>a</span> <span class='ocrx_word' id='word_1_260' title='bbox 572 3180 739 3251; x_wconf 84' lang='lat' dir='ltr'>comparatis</span> <span class='ocrx_word' id='word_1_261' title='bbox 756 3176 900 3233; x_wconf 78' lang='lat' dir='ltr'>similibus.</span> <span class='ocrx_word' id='word_1_262' title='bbox 927 3182 951 3232; x_wconf 82' lang='lat'>2.</span> <span class='ocrx_word' id='word_1_263' title='bbox 971 3182 996 3232; x_wconf 81' lang='lat'>3.</span> 
     </span>
     <span class='ocr_line' id='line_1_37' title="bbox 103 3243 999 3332; baseline -0.001 -32"><span class='ocrx_word' id='word_1_264' title='bbox 103 3249 159 3305; x_wconf 80' lang='lat' dir='ltr'>eil.</span> <span class='ocrx_word' id='word_1_265' title='bbox 194 3248 241 3304; x_wconf 72' lang='lat' dir='ltr'>Ab</span> <span class='ocrx_word' id='word_1_266' title='bbox 261 3249 370 3306; x_wconf 83' lang='lat' dir='ltr'>effectis</span> <span class='ocrx_word' id='word_1_267' title='bbox 387 3265 437 3332; x_wconf 84' lang='lat' dir='ltr'>per</span> <span class='ocrx_word' id='word_1_268' title='bbox 457 3249 669 3331; x_wconf 60' lang='lat' dir='ltr'>illuoprationem</span> <span class='ocrx_word' id='word_1_269' title='bbox 685 3247 823 3303; x_wconf 85' lang='lat' dir='ltr'>similium.</span> <span class='ocrx_word' id='word_1_270' title='bbox 837 3245 912 3328; x_wconf 33' lang='lat' dir='ltr'>‘Ubi</span> <span class='ocrx_word' id='word_1_271' title='bbox 928 3243 999 3300; x_wconf 86' lang='lat' dir='ltr'>nihil</span> 
     </span>
     <span class='ocr_line' id='line_1_38' title="bbox 102 3316 1089 3557; baseline -0.007 -182"><span class='ocrx_word' id='word_1_272' title='bbox 102 3322 142 3387; x_wconf 69' lang='lat' dir='ltr'>el,</span> <span class='ocrx_word' id='word_1_273' title='bbox 158 3319 232 3391; x_wconf 82' lang='lat' dir='ltr'>qnod</span> <span class='ocrx_word' id='word_1_274' title='bbox 249 3319 421 3386; x_wconf 58' lang='lat' dir='ltr'>Beuum.</span> <span class='ocrx_word' id='word_1_275' title='bbox 442 3325 545 3390; x_wconf 72' lang='lat' dir='ltr'>exerpsi</span> <span class='ocrx_word' id='word_1_276' title='bbox 562 3319 581 3373; x_wconf 92' lang='lat' dir='ltr'>l.</span> <span class='ocrx_word' id='word_1_277' title='bbox 600 3325 623 3375; x_wconf 86' lang='grc'><strong>3.</strong></span> <span class='ocrx_word' id='word_1_278' title='bbox 644 3318 680 3373; x_wconf 91' lang='lat' dir='ltr'>de</span> <span class='ocrx_word' id='word_1_279' title='bbox 697 3316 772 3372; x_wconf 84' lang='lat' dir='ltr'>verb.</span> <span class='ocrx_word' id='word_1_280' title='bbox 790 3316 845 3371; x_wconf 83' lang='lat' dir='ltr'>Der</span> <span class='ocrx_word' id='word_1_281' title='bbox 861 3333 884 3372; x_wconf 84' lang='lat' dir='ltr'>c.</span> <span class='ocrx_word' id='word_1_282' title='bbox 899 3322 922 3373; x_wconf 79' lang='lat'>2.</span> <span class='ocrx_word' id='word_1_283' title='bbox 940 3321 959 3369; x_wconf 77' lang='lat' dir='ltr'>t.</span> <span class='ocrx_word' id='word_1_284' title='bbox 976 3319 999 3369; x_wconf 85' lang='lat' dir='ltr'>l.</span> <span class='ocrx_word' id='word_1_285' title='bbox 1010 3324 1089 3557; x_wconf 61' lang='lat' dir='ltr'><em>t</em></span> 
     </span>
    </p>
   </div>
   <div class='ocr_carea' id='block_1_6' title="bbox 0 0 1130 3772">
    <p class='ocr_par' dir='ltr' id='par_1_12' title="bbox 0 0 1130 3772">
     <span class='ocr_line' id='line_1_39' title="bbox 0 0 1130 3772; baseline 0 0"><span class='ocrx_word' id='word_1_286' title='bbox 0 0 1130 3772; x_wconf 95' lang='lat' dir='ltr'> </span> 
     </span>
    </p>
   </div>
  </div>
 </body>
</html>
