2258 3766
103 220 167 285 422
241 218 348 305 Caput
368 217 412 283 H.
455 218 508 282 De
529 216 676 303 symbolo
699 216 887 305 apostoliea.

105 394 252 457 peecatum
262 404 319 441 non
330 386 399 441 faait
410 392 470 451 ete,
489 391 515 444 1.
527 387 593 440 Joa.
607 388 634 453 3,
646 388 672 441 9.
684 388 730 441 10.
756 386 867 441 Zancle.
878 394 906 440 et
914 384 1047 445 Pola-2

105 457 187 528 alleg.
202 458 254 511 loc,
281 456 485 527 Intelligendus
503 455 576 509 enim
594 453 641 509 hie
657 454 736 509 locus
755 454 1047 527 eatredupliaatiw

106 525 166 582 scil.
186 543 241 597 qua
265 525 344 589 talia,
369 531 507 596 quatenus
527 540 560 578 ex
578 523 639 578 Deo
656 530 739 578 nutus
758 529 802 578 est
831 541 888 579 nan
905 536 1047 595 pateat

105 594 195 649 omnis
218 595 266 664 qui
290 594 319 647 in
344 611 376 649 eo
400 600 503 662 manet,
532 610 589 647 non
612 597 728 663 peceat,
755 565 823 648 ibiti.
850 610 877 646 v.
895 600 921 650 6.
962 592 1047 659 Qu

105 681 172 734 ergo
189 663 219 717 in
241 662 351 716 Christo
367 680 422 718 non
441 668 541 725 manet,
560 667 673 732 peceat,
690 666 719 715 et
736 662 882 732 pectendo
900 661 1047 735 gratiam

105 732 206 803 perdit.
236 731 339 786 Confer
357 735 380 783 1.
400 733 467 785 Joli.
488 736 514 797 5,
534 735 575 787 18.
605 730 663 784 Alii
681 730 717 785 de
734 736 853 800 peecata
871 748 927 786 non
951 748 1039 801 quo-

106 802 164 868 vis,
186 800 236 854 sed
254 800 391 854 malitioso
409 806 437 855 et
455 800 549 854 dedita
567 816 651 869 opera
669 806 844 880 perpetrato,
870 806 1033 869 manunt,

106 869 155 935 ita,
174 875 207 922 ut
226 886 259 923 ex
277 870 336 923 Deo
355 875 436 922 natus
453 886 509 923 non
526 876 625 939 peccet
643 874 777 936 amenter,
796 868 964 935 voluntarie,
986 884 1027 923 ex

105 954 182 991 more
200 945 229 991 et
247 938 447 992 consuetudine
465 937 588 1007 peccatis
610 954 666 991 non
689 937 852 1019 indulgeat!
878 937 928 993 aed
945 932 1020 991 omni

108 1006 200 1060 studio
220 1023 253 1060 ea
276 1007 359 1073 vitet,
388 1006 468 1061 etin
495 1006 598 1074 pietate
615 1005 750 1075 proficiat.
789 1005 849 1059 Alii
864 1006 1013 1063 iohannem

107 1092 164 1129 non
183 1075 218 1129 de
237 1075 320 1144 faeta,
340 1076 390 1129 sed
412 1075 447 1129 de
461 1076 525 1144 jura
539 1075 623 1146 loqui,
642 1074 821 1145 respondent,
842 1076 909 1145 quia
922 1072 1026 1127 fideles·

107 1162 163 1198 nan
182 1143 286 1199 debent
304 1159 434 1214 peceare,
455 1148 484 1197 at
502 1143 567 1197 inde
579 1161 634 1197 non
648 1144 781 1213 sequitur,
799 1142 878 1215 quod
888 1159 941 1197 non
951 1154 1006 1213 pat·

108 1219 185 1281 cent,
214 1220 242 1267 et
259 1214 283 1266 si
299 1219 418 1283 peceant
432 1211 518 1266 fidem
536 1220 564 1267 et
582 1212 701 1281 Spiritus
720 1213 811 1265 sancti
828 1212 1004 1284 gratianum

107 1282 244 1336 amittant
276 1281 450 1336 Contrarium
469 1298 484 1335 e
502 1286 527 1338 1.
545 1283 668 1335 Joleann.
687 1284 714 1347 3,
733 1284 760 1337 6.
779 1285 823 1349 15,
844 1286 954 1336 nonant
974 1274 1002 1329 8¹

107 1367 216 1406 morose
232 1351 324 1405 verbis
343 1350 510 1419 inhaeseris,
527 1351 642 1405 ostende
658 1356 798 1415 renatum,
819 1350 868 1422 qui
884 1368 937 1404 aaa
950 1360 1000 1427 pa·

18 1471 20 1476 .
109 1419 232 1473 caverit?
262 1423 323 1473 Nee
340 1421 431 1473 ebetat
449 1425 472 1474 8.
485 1419 647 1489 quod'fides
666 1419 769 1472 sanetis
791 1419 878 1474 eemel
893 1416 998 1473 tremat.

108 1488 188 1558 epist.
209 1488 274 1543 Jud.
293 1505 362 1568 vern.
384 1494 408 1542 3.
437 1488 560 1541 Soiniae
578 1505 656 1559 exeg.
675 1490 722 1541 Au
744 1494 797 1542 unt.
816 1488 930 1567 consae
949 1484 1000 1537 tt.

108 1557 721 1696 ingiliguiitfiiiiaffliiihiiciriifi'ia,
740 1573 781 1679 il
791 1555 1000 1697 eidiimaeiiii

109 1698 138 1748 et
157 1712 180 1747 e.
198 1700 230 1763 3,
248 1698 275 1751 2.
313 1692 391 1758 Quae
409 1695 494 1748 semel
514 1695 619 1749 tradita
638 1694 723 1748 debet
745 1694 870 1762 retineri,
894 1708 941 1747 nae
954 1686 1003 1742 tl*

109 1763 237 1817 assumi..
255 1766 316 1816 Nee
335 1765 426 1817 obstat
443 1768 466 1817 9.
483 1763 571 1817 simile
591 1763 626 1817 de
645 1763 722 1817 ebrio
740 1763 877 1818 rationem
893 1760 1002 1819 habnt,

108 1832 235 1954 Quamvis
254 1848 288 1886 ea
310 1849 365 1885 non
384 1836 485 1885 utatur.
522 1833 601 1885 Beza
618 1830 725 1902 Colloq.
743 1830 867 1902 Mompel
889 1874 892 1881 .
913 1847 938 1899 p.
950 1827 1001 1904 ⁴i4'

131 1906 285 1982 tnespons.
306 1906 328 1956 2.
346 1900 453 1981 Colloq.
472 1900 622 1983 Mampelg.
640 1916 713 2021 geg..
729 1906 761 1981 'l9
780 1918 839 1972 seq.
897 1905 926 1980 ‚nt
939 1904 1003 1972 011}ss

111 1970 251 2024 dns1m1le.
288 1970 371 2024 Ratio
390 1976 432 2024 est
451 1985 617 2023 συστατικον
660 1985 773 2032 omims,
797 1978 826 2024 et
846 1966 950 2040 proinde
963 1976 1006 2013 ω’

110 2039 281 2119 separabilia
316 2038 401 2093 Fides
419 2055 485 2120 vera
504 2036 1005 2170 accidit·hqn³ini·i1eter¹iriiniiin⁵ii:

109 2107 399 2242 {attatei
417 2104 788 2246 ittatttttttttmt
835 2126 853 2161 ¹¹

209 2328 274 2392 DE
296 2328 504 2395 INFERNO
526 2331 588 2394 ΕΤ
607 2327 923 2395 PURGATORIO.

110 2450 137 2513 1.
173 2446 252 2510 Cam
281 2473 377 2533 supra
406 2452 537 2532 diaeeie,
568 2451 674 2515 eleetos
702 2462 730 2513 et
751 2453 853 2513 beatos
876 2428 1006 2533 ineffabili

146 2545 288 2598 aeternae
309 2536 388 2596 vitae
408 2535 509 2618 alonia
524 2537 610 2618 fiai,
634 2556 744 2617 ecquae
767 2535 933 2617 reprobatis
949 2534 969 2588 et

297 2621 452 2683 damnatis
468 2641 588 2701 poenae
603 2617 843 2703 praeparatae?

194 2736 376 2800 Horribiles
397 2748 429 2799 et
443 2735 684 2820 inexplicabiles
699 2736 993 2820 exquisitissimam

110 2836 340 2920 tenimentorum
362 2821 566 2885 infernalium
581 2821 736 2885 inanimo
753 2832 786 2885 et
804 2844 933 2911 corpore
945 2834 995 2883 tm·

111 2918 272 3058 elatuilivi
293 2992 378 3056 enim
399 2991 563 3055 mittentur
584 2991 618 3053 in
640 3001 790 3076 stagnum
811 2990 896 3079 ignis
910 2988 1001 3055 arden·

112 3076 151 3139 tis
170 3078 332 3163 sulphure,
353 3079 483 3163 Apoeal.
509 3078 559 3152 19,
581 3076 631 3140 20.

196 3180 374 3262 Ejieientur
406 3178 440 3240 in
469 3178 615 3240 tenebras
649 3177 840 3256 exteriorem
875 3175 933 3241 ubi
962 3170 1008 3239 erit

113 3260 205 3325 fletus
227 3275 258 3327 et
280 3263 396 3327 stridor
417 3262 573 3337 dentium,
594 3262 708 3328 alata.
731 3263 761 3347 8,
784 3264 837 3329 12.
