2250 3772
403 240 456 304 I)e
477 249 616 323 peccat0.
902 237 963 302 171

87 406 106 472 l.
122 410 182 473 rot.
203 408 233 485 5,
258 409 307 474 16.
351 411 430 472 Item
452 407 680 484 irremissibile,
701 406 815 471 Martii.
839 409 890 484 12,
912 408 964 472 32.

86 491 157 558 Marc.
178 493 207 570 3,
228 494 281 558 28.
302 494 354 560 29.
398 495 621 570 Luc.12,10.
952 521 956 528 ·

134 609 294 680 (Descriptio
315 611 385 665 haec
403 611 551 681 desumpta
567 615 610 665 est
627 616 737 680 praeter
755 611 878 682 allegata
888 609 964 663 testi-

86 679 151 732 monia
167 695 199 732 ex
218 681 305 732 Hebr.
325 683 350 745 6,
373 683 397 733 4.
418 684 443 734 5.
462 684 486 732 6.
518 684 539 734 7.
558 683 581 733 8.
604 688 631 732 et
649 683 692 742 10,
716 682 761 732 26.
782 683 818 731 27
844 687 870 731 et
890 693 966 746 seqq.

86 743 222 801 Nominatur
261 754 282 802 1.
318 753 464 818 peccatum
491 748 519 801 in
549 749 681 816 Spiritum
718 755 802 801 sanct.
838 765 894 801 non
925 763 967 800 re·

86 821 156 882 spectu
179 816 314 871 essentiae
345 823 373 871 et
387 833 536 886 personae
565 816 704 885 ejusdem,
737 816 816 886 quasi
835 816 968 883 *Spiritus

86 890 170 938 smctus
188 885 295 940 offendi
315 903 332 938 a
351 886 481 956 quopiam
519 893 605 952 osset,
624 886 691 955 quin
709 885 791 938 simul
810 884 838 936 in
854 884 967 938 Patrem

86 951 205 1006 offiium
219 969 276 1007 non
293 962 439 1023 peccetur3
463 904 517 1008 seri
531 956 585 1007 κατ’
608 954 717 1022 liclia,
746 959 768 1007 1.
786 953 894 1007 ratione
918 953 967 1006 mi-

86 1019 164 1075 nisterii
180 1022 302 1092 spiritus,
325 1027 352 1074 2.
374 1025 437 1078 Cor.
458 1027 485 1090 3,
507 1026 530 1089 8,
560 1023 635 1092 quod
661 1028 703 1076 est
729 1022 913 1092 evangelium,
943 1027 968 1076 2.

86 1088 164 1144 ratione
182 1091 287 1170 proprii
305 1090 390 1144 officii
416 1096 444 1144 et
463 1091 630 1161 operationis
656 1089 774 1159 Spiritus
795 1090 899 1158 sancti,
926 1090 967 1142 ni-

86 1156 159 1211 mirum
180 1159 402 1226 rlluminationis,
429 1160 513 1228 hujus
540 1159 613 1213 enim
639 1159 766 1229 proprius
793 1164 836 1212 est
860 1159 890 1212 in
910 1175 957 1213 cor

86 1223 144 1279 dibus
171 1228 312 1281 hominum
343 1227 462 1282 effector.
507 1233 531 1282 3.
556 1228 674 1281 Ratione
700 1227 862 1290 testimonii,
892 1227 967 1297 quod

86 1291 177 1361 Spiritus
193 1302 307 1350 sanctus
326 1296 375 1351 dat
390 1296 500 1366 spiritui
517 1302 619 1364 nostro,
637 1299 715 1349 Rom.
735 1301 759 1364 8,
782 1301 825 1350 16.
861 1294 968 1358 Quibus

86 1359 125 1428 isti,
137 1365 180 1435 qui
197 1370 345 1435 peccatum
365 1365 416 1419 hoc
436 1365 620 1426 committunt,
641 1365 772 1435 scienter,
789 1365 922 1419 violenter
941 1371 969 1418 et

86 1431 238 1497 pertinaciter
256 1433 394 1488 resistunt.
436 1433 546 1487 Dicitur
571 1441 593 1487 2.
613 1439 766 1502 ρθοοαωιη,
787 1434 823 1487 ad
843 1442 968 1501 mortem,

86 1514 125 1552 non
137 1503 206 1571 quod
221 1502 275 1557 hoc
294 1502 383 1555 solum
401 1503 438 1555 sit
450 1503 580 1569 mortale,
605 1503 653 1556 sed
671 1503 771 1556 iterum
785 1500 840 1554 κατ’
861 1502 966 1571 ἐξοχὴν,

86 1569 140 1634 quod
157 1570 209 1624 hoc
234 1571 323 1624 solum
351 1571 468 1626 maxime
491 1578 607 1624 mortem
631 1575 780 1638 mereatur,
809 1577 837 1625 et
864 1572 893 1624 in
915 1571 968 1624 hoc

86 1648 155 1692 omncs
181 1645 258 1694 certo
282 1639 442 1693 moriantur.
493 1639 604 1694 Dicitur
632 1645 655 1694 3.
683 1639 886 1707 irremissibile,
914 1657 970 1693 non

86 1706 140 1770 quod
153 1707 344 1778 magnitudine
367 1725 418 1761 sua
439 1708 559 1779 gratiam
577 1708 631 1762 Dei
654 1712 681 1761 et
701 1708 790 1762 meriti
808 1707 910 1762 Christi
929 1708 970 1760 di-

86 1773 194 1839 gnitatem
211 1794 244 1830 su
265 1782 324 1830 eret
340 1776 444 1847 (gratia
462 1778 536 1830 enim
554 1782 701 1846 exsuperat
715 1782 869 1847 peceatum,
888 1779 969 1830 Rom.

86 1841 107 1905 i,
125 1847 162 1912 20,
188 1850 217 1899 et
243 1795 370 1899 ghristus
402 1845 561 1915 propitiatio
588 1853 630 1900 est
659 1861 709 1914 pro
735 1845 857 1914 peccatis
883 1845 971 1899 totius

86 1913 168 1979 nudi,
193 1917 218 1966 1.
236 1915 303 1969 ,1οή.
323 1916 350 1976 2,
368 1917 431 1979 25.)
455 1931 511 1967 non
532 1913 616 1968 etium
640 1918 755 1984 proter
778 1912 970 1967 difficultatem
1046 1961 1053 1972 ,

86 1980 225 2035 missionis
255 1982 439 2050 obtinendam·
482 1983 531 2037 sed
560 1982 636 2063 quod
668 1931 737 2035 iliird
769 1981 971 2036 committentes

86 2047 101 2095 Ι·
114 2051 201 2105 mnus
218 2055 247 2104 et
263 2050 330 2104 fidei
347 2067 378 2104 or
398 2068 490 2113 anum,
508 2052 638 2104 nimrrum
654 2051 769 2104 verbum
781 2049 844 2118 Dei,
864 2055 893 2103 et
909 2051 970 2104 uni·

86 2124 130 2170 &un
142 2120 349 2189 propitiatorem
425 2119 507 2173 'tum
524 2120 553 2172 in
571 2120 667 2174 eodem
687 2119 826 2174 oblatum.
850 2118 970 2173 scientes

86 2184 183 2260 iolmtes
200 2187 338 2256 rejiciant,
356 2189 443 2242 Hclrr.
461 2192 504 2254 10,
523 2192 568 2255 20¹,
586 2189 704 2259 ideoque
722 2194 746 2242 2.
768 2189 839 2241 'usto
855 2187 910 2242 Dei
925 2189 971 2258 ju·

86 2244 138 2328 {scio
154 2255 231 2310 finali
249 2257 384 2310 coecitate
401 2257 598 2326 percutiantur,
614 2263 646 2310 ut
664 2272 716 2310 nec
726 2274 761 2311 ve
772 2257 821 2326 int,
840 2272 891 2311 nec
907 2275 971 2325 pos·

86 2329 125 2376 *ut
138 2325 303 2395 resipiscere,
321 2327 407 2380 Hchr.
425 2329 451 2393 6,
464 2333 487 2379 4.
512 2325 536 2378 Ε
555 2325 637 2378 dictis
656 2325 803 2379 eliciuntur
820 2325 889 2379 haec
907 2345 971 2379 coa·

86 2393 191 2447 auaris.
226 2394 249 2448 I.
268 2393 315 2447 Ad
332 2395 442 2463 peccati
461 2394 490 2447 in
502 2393 635 2464 Spiritum
656 2398 782 2447 sanctum
801 2395 971 2448 constitutio-

86 2468 130 2513 tem
143 2466 251 2532 oportet
272 2462 407 2532 requisita
428 2463 496 2516 haec
519 2479 682 2517 concurrere
708 2464 890 2532 conjunctim,
917 2480 972 2516 non

86 2529 185 2584 corsim:
203 2537 237 2585 ut
254 2530 291 2584 sit
312 2539 331 2584 1.
352 2531 501 2602 abnegatio
518 2531 642 2584 veritatis
660 2531 847 2601 evangelicae,
867 2531 972 2602 etqui·

86 2587 130 2668 iem
151 2605 172 2654 2.
190 2599 316 2670 agnitae,
343 2604 372 2652 et
395 2605 418 2653 3.
438 2601 468 2652 in
486 2599 655 2654 conscientia
679 2600 865 2680 approbatae,
892 2600 928 2653 sit
945 2606 970 2655 4.

86 2660 162 2736 ¹bera,
191 2670 228 2721 sit
246 2676 270 2722 5.
288 2667 426 2721 destinato
453 2668 569 2722 consilio
588 2667 674 2735 facta,
703 2675 740 2722 sit
758 2673 781 2722 6.
802 2685 865 2722 cum
883 2668 971 2736 impu·

86 2735 193 2795 mationa
238 2736 366 2804 ertinaci,
397 2743 425 2790 et
451 2737 570 2807 denique
597 2745 618 2791 7.
638 2754 701 2790 cum
719 2737 891 2805 blasphemia
909 2753 972 2790 con-

87 2809 167 2858 uncta
192 2755 367 2859 Aiierutnum
384 2804 482 2859 horum
500 2805 523 2858 si
541 2804 620 2872 desit,
638 2810 785 2875 peccatum
796 2806 825 2858 in
838 2805 972 2873 Spiritum

86 2879 97 2917 t.
111 2887 157 2925 non
174 2873 233 2928 erit.
269 2871 368 2943 ltaque
385 2872 423 2927 ΙΙ.
439 2873 487 2945 qui
504 2874 704 2944 blasphemiam
723 2874 827 2928 dicunt.
846 2873 894 2944 qui
911 2890 973 2928 coe·

86 2944 160 3007 &ten
181 2942 327 2996 veritatem
352 2959 385 2995 ex
405 2942 563 3013 ignorantia
587 2949 802 3013 persequuntur,
826 2950 973 3011 peccatum

86 3015 107 3055 m
120 3007 242 3078 Spiritum
261 3017 387 3064 sanctum
407 3028 463 3065 non
481 3010 664 3065 committunt.
700 3010 752 3064 ΙΙΙ.
768 3010 856 3065 Omne
876 3026 974 3079 pecca·

86 3072 132 3126 um
147 3077 172 3130 in
189 3077 322 3148 Spiritum
340 3085 468 3133 sanetum
488 3086 530 3133 est
548 3086 693 3149 peecatum
710 3095 740 3132 re
761 3095 838 3147 nans,
857 3079 974 3132 mortale

86 3143 204 3211 timntra
221 3147 433 3216 conscientiam,
451 3148 501 3202 sed
518 3165 574 3202 non
591 3155 695 3202 contra.
731 3096 780 3200 lif.
796 3147 839 3201 De
857 3153 973 3217 peccato

87 3217 112 3257 ¹³1
126 3209 242 3281 Spiritum
263 3223 390 3271 sanctum
409 3233 465 3270 non
486 3216 631 3271 temerarie
649 3216 902 3297 pronunciandum,
922 3216 973 3269 sed

89 3282 190 3337 n⁰1111isi
205 3301 223 3339 a
240 3285 391 3354 posteriori,
411 3303 511 3356 nempe
529 3303 562 3341 ex
580 3284 658 3339 finali
674 3284 882 3353 impoenitentia
898 3285 974 3354 judi·
1007 3308 1072 3548 ι
