2250 3772
70 816 77 833 ⁰
181 827 235 880 pus
255 807 357 889 Christi
374 806 558 878 significasset

177 226 243 293 556
343 223 453 310 Caput
473 226 514 292 V.
558 225 610 289 De
630 247 730 290 onena
752 226 928 295 dominica.

247 395 384 464 (Zwinpt.
407 397 488 448 tract
516 398 539 448 3.
565 393 601 448 dc
625 409 703 449 coen.
728 394 835 450 domin.
859 397 915 452 vol.
935 403 960 453 2.
983 397 1081 470 opert

181 471 240 522 289.
258 481 284 519 a.
303 480 379 534 seqq.
405 467 435 517 et
459 462 480 518 f.
500 467 558 517 291.
577 479 602 516 a.
638 461 722 516 Ratio
745 472 766 520 l.
790 480 809 518 a
826 465 992 523 delinitione
1008 472 1080 524 meter

179 533 298 606 pharae,
322 548 394 604 quae
418 538 461 586 est
482 537 579 600 tropus
596 547 614 585 a
632 530 715 584 simili
732 532 770 585 ad
787 533 889 592 simile.
929 542 955 591 2.
976 536 1081 593 Atat

180 603 273 657 monio
291 602 384 655 divino
400 617 450 671 per
467 600 607 656 distribut.
626 598 745 669 subject.
775 607 799 656 3.
819 603 849 657 A
867 605 1028 661 testimonio
1042 605 1081 659 hu·

181 688 264 726 mano
283 670 429 725 communi.
468 675 492 723 4.
511 669 558 723 Ab
575 669 709 739 adjuncto
726 670 888 728 discrimine
908 674 976 729 Vet
988 675 1081 732 etNm.

181 741 304 794 Testem.
340 739 386 795 Sic
412 738 484 792 enim
506 738 640 792 illustrius
662 736 750 820 multo
767 757 860 822 agnas
877 743 1021 826 paschalis
1035 759 1081 798 ear

180 877 345 957 similhmus3
380 883 402 930 5.
419 875 466 929 Ab
484 824 765 956 abmpffiffl,
773 810 997 936 31¹1]prme
1007 828 1082 936 iffi

180 946 256 1027 pula
278 944 365 1025 .Q¹.¹¹⁸
391 951 419 1025 l..
435 950 643 1025 omms'tropus
665 895 784 1026 relisrtur
799 947 839 1000 ad
862 949 901 1002 ali
923 967 989 1004 uem
1005 950 1082 1005 mm

180 1020 347 1068 inventionis
363 1013 480 1083 logicae.
509 1013 556 1066 Sre
568 1018 738 1083 metonymia
748 1014 870 1070 refertur
880 967 922 1071 ad
932 1023 1081 1090 arguments

180 1088 378 1144 consentanea,
404 1081 493 1134 ironia
516 1081 553 1135 ad
571 1082 762 1145 dissentanea‚
780 1084 953 1156 metaphora
969 1088 1006 1141 ad
1023 1104 1081 1142 con·

179 1155 293 1222 parata,
319 1149 494 1219 synecdoche
520 1150 557 1203 ad
583 1150 814 1206 distributionem.
862 1155 906 1208 At
936 1153 1081 1226 copula-sd

180 1219 288 1274 nullum
306 1235 339 1273 ex
355 1219 522 1273 enumeratis
539 1219 607 1273 locis
625 1219 790 1274 inventionis
805 1221 906 1277 referri
925 1230 1025 1294 potest
1054 1222 1078 1277 u

180 1289 254 1353 Quia
273 1295 297 1343 2.
315 1288 403 1342 omnis
429 1294 526 1341 trous
550 1293 593 1341 est
617 1287 647 1341 in
664 1288 758 1359 aliqua
774 1275 857 1359 pa'rte
873 1292 1020 1348 axiomatis
1034 1292 1079 1346 sire

180 1356 393 1495 veerte.
412 1357 1076 1495 mm..

179 1445 338 1562 ioannem,
363 1512 421 1549 rem
445 1511 498 1548 aen
520 1511 577 1548 non
599 1498 726 1564 tangunt
762 1446 874 1564 Trogus
892 1499 973 1553 enim
987 1504 1076 1553 tanna

182 1569 226 1618 est
249 1562 279 1616 in
300 1570 380 1632 parte
402 1562 554 1628 materiali,
599 1579 652 1616 nae
675 1569 719 1616 est
735 1563 811 1618 notio
832 1566 869 1619 ad
889 1573 1074 1641 certumsrgu·

181 1631 267 1686 menti
285 1649 373 1702 genus
392 1631 539 1700 pertinens.
606 1648 672 1684 num
689 1631 735 1684 hie
753 1641 837 1686 noto:
857 1651 920 1689 esse
939 1636 1073 1707 opinionem

180 1701 289 1755 illorum
308 1699 545 1768 calvinianomm,
574 1700 622 1771 qui
647 1716 762 1754 coenam
785 1719 838 1771 pro
855 1703 943 1758 nudis
961 1705 1072 1776 siguiset

181 1769 279 1840 figuris
296 1768 409 1837 habent,
427 1768 463 1823 ab
482 1769 548 1838 ipsis
566 1768 747 1833 calvinianis,
764 1770 812 1839 qui
831 1778 899 1825 sunt
917 1769 1070 1828 emuncdon's

182 1838 251 1906 nasi,
268 1841 400 1974 reje)ctam
419 1854 453 1891 ac
468 1838 625 1891 refutatam.
658 1837 722 1893 vid.
742 1841 856 1897 Bucam
873 1849 927 1896 art
946 1849 987 1898 48.
1003 1861 1026 1914 q.
1039 1845 1068 1895 lh

182 2029 233 2092 34.
272 2032 315 2091 At
344 2029 402 2093 alii
422 2049 483 2110 per
510 2029 724 2110 metonymiam
754 2031 883 2109 subjecti
902 2028 1010 2114 corpm
1022 2052 1066 2113 pu-

255 2125 322 2176 rant
335 2114 417 2196 poni
431 2132 494 2194 pro
517 2113 655 2192 efficacia
676 2125 704 2174 et
724 2115 834 2175 virtute
858 2113 1016 2198 corporis?

266 2231 336 2293 Neo
351 2230 386 2293 hi
401 2241 486 2294 recte
504 2228 688 2313 opinantur3
707 2232 906 2315 metonymia
919 2233 1001 2297 enim
1014 2229 1066 2294 snb

178 2313 256 2397 jeoti
279 2328 337 2390 est,
358 2314 487 2398 quando
508 2313 688 2396 subjectum
708 2314 839 2399 ponitur
861 2339 921 2401 pro
935 2318 1064 2401 adjuncto.

181 2399 285 2483 Atqui
306 2400 340 2461 in
360 2401 420 2463 hac
440 2397 677 2485 propositione:
695 2404 792 2484 panio
814 2415 858 2463 eat
879 2425 990 2486 corpnss
1004 2400 1064 2464 blm

182 2488 237 2561 ali,
265 2508 330 2549 non
359 2484 489 2570 ponitur
516 2483 694 2566 subjectum
714 2505 773 2568 pro
802 2484 965 2568 adjuncto.
1003 2482 1065 2565 Quis

180 2593 246 2634 non
268 2571 417 2654 adjuncta
438 2568 589 2653 corporis,
611 2568 668 2631 sed
690 2589 804 2655 corpus
827 2570 936 2654 ipsum
956 2593 1011 2656 pro
1027 2589 1065 2632 no

180 2656 231 2718 bis
255 2656 355 2719 estin
378 2667 512 2718 mortem
532 2653 692 2717 traditum.
720 2655 761 2719 E.
787 2676 855 2718 non
878 2666 927 2720 est
948 2670 1065 2737 metony-

180 2741 244 2803 mia
266 2740 410 2823 subjecti.

250 2857 343 2922 (Ratio
360 2857 488 2928 procedit
505 2873 522 2909 a
539 2873 575 2910 ne
612 2855 689 2909 tione
701 2853 870 2909 definitionis
885 2858 922 2911 ad
934 2857 1067 2933 negandum

180 2926 332 2982 definitum.
373 2926 430 2981 Ubi
450 2935 529 2979 noro:
596 2924 700 2978 caciam
720 2931 748 2978 et
765 2924 899 2980 virtutem
916 2926 1067 2982 redemtm

179 3013 235 3048 non
263 2996 318 3050 dici
343 2995 456 3065 proprie
483 2994 646 3063 adjunctum
672 2992 795 3062 corporis
826 2993 934 3049 Christi
961 3003 1067 3067 tanqum

181 3063 315 3132 subjecti,
338 3064 406 3135 quia
423 3063 447 3118 ei
464 3080 526 3124 non.
537 3063 610 3116 inest
627 3061 780 3132 subjective
797 3061 842 3116 vel
860 3063 1013 3133 inbannire,
1034 3056 1067 3116 sel

181 3138 223 3185 est
240 3149 340 3202 corpus
356 3132 547 3212 personaliter,
564 3149 615 3201 per
633 3136 663 3184 et
679 3137 798 3211 propter,
810 3132 945 3214 unionem
958 3144 1067 3215 perso*

180 3197 236 3253 lem
252 3202 288 3254 ad
307 3202 401 3269 Myos,
420 3202 504 3270 plane
522 3207 594 3254 sicut
614 3217 679 3254 caro
695 3199 798 3254 Chnstr
817 3200 922 3256 d1c1tnr
937 3201 1051 3265 vivifica]
