2250 3772
113 251 176 319 178
345 250 451 338 Caput
472 252 498 320 I.
545 252 599 318 De
621 250 786 340 decalogo.

107 421 173 493 27..
193 422 321 509 Erpoae
355 423 576 507 confessionem
594 433 795 509 peccatoram
815 422 946 509 'mairo
961 444 983 487 ,ι

251 590 254 595 ¹
371 529 599 592 permaneam
621 506 754 575 ricmis?

194 608 294 674 Assa.
340 605 510 673 Confessio
540 607 697 691 siquidem
727 608 873 695 quotidie
898 630 954 675 ore
981 636 983 669 =

108 693 204 758 corde
232 693 307 757 Deo
331 691 402 756 fieri
430 691 543 768 debet3
570 692 711 778 itemque
739 692 900 760 confessio
921 692 983 759 eccl

109 778 254 855 siastica,
276 800 341 861 qua
362 775 433 861 quis
455 798 544 841 more
562 777 657 862 hujus
677 778 728 845 vel
748 778 836 845 illius
858 776 983 845 melem

107 884 216 928 coram
243 862 387 927 ministro
415 861 576 927 ordinario
605 864 797 949 generatim,
827 863 983 949 quandotp

107 957 142 1012 et
170 946 352 1033 speciatim,
381 945 594 1011 conscientiae
618 949 807 1013 necessitate
823 949 983 1049 postulant

107 1031 225 1096 delicta
245 1052 304 1096 sua
325 1031 436 1117 aperit,
458 1042 490 1095 et
513 1031 747 1097 absolutionem
767 1043 858 1120 petit,
879 1055 948 1101 non
960 1054 983 1097 ιι·

108 1117 148 1181 lis
169 1116 324 1183 duntaxat
354 1127 386 1181 et
413 1116 514 1194 bona,
543 1117 601 1181 sed
622 1128 654 1182 et
677 1119 705 1187 1.
726 1117 767 1182 ad
784 1116 954 1218 juniorum
972 1114 983 1181 i

107 1201 348 1279 formationem,
369 1204 400 1267 2.
422 1200 463 1265 ad
483 1200 623 1286 privatas
645 1202 898 1281 admonitiones,
923 1204 956 1271 3.
978 1227 983 1267 ι

106 1286 373 1352 conscientiarum
395 1285 647 1351 consolationem
683 1289 715 1353 4.
737 1288 780 1352 ad
799 1288 983 1375 specialiori

106 1371 303 1437 remissionis
340 1370 578 1459 certitudinem,
614 1337 665 1439 vei
699 1373 838 1438 maxime
873 1394 983 1439 necess

105 1457 155 1522 ria
177 1467 233 1523 est.

106 1590 158 1659 28.
186 1591 270 1655 Pari
282 1593 402 1656 ratione
417 1603 445 1656 et
460 1592 700 1675 satisfactionem
716 1595 827 1679 operis,
843 1616 906 1679 qua
913 1613 983 1679 pon

101 1677 224 1761 peccati
244 1675 344 1739 adduc
366 1678 468 1742 debita
493 1678 633 1753 solvitur,
664 1678 903 1760 epomdantiae
916 1700 982 1763 pat·

464 1764 519 1825 bas
541 1760 660 1844 rejicis?

193 1859 398 1924 Pontificiam
427 1860 522 1924 istam
547 1859 796 1925 satisfactionem
816 1860 928 1946 rejicio
950 1880 983 1925 on

106 1945 200 2030 nin05
222 1945 299 2031 quia
322 1946 350 2010 1.
373 1967 478 2029 neque
499 1946 577 2010 haec
599 1968 619 2009 a
635 1944 759 2009 Clariae
780 1945 941 2031 mandata,
960 1966 983 2009 n·

108 2053 171 2115 que
193 2030 234 2094 ab
258 2029 410 2115 apostolis
430 2029 556 2116 uspiam
577 2040 738 2114 usurpata.

193 2113 259 2179 Sed
290 2116 319 2179 2.
350 2115 461 2179 merito
492 2127 525 2179 et
555 2111 764 2178 satisfactioni
798 2110 918 2177 ditrictr'
945 2133 983 2177 ou

106 2220 165 2285 pro
185 2209 328 2285 peccato,
347 2210 415 2263 tum
435 2222 495 2286 pro
517 2197 765 2285 poenapeccati
787 2196 983 2261 sufficientiae

105 2305 178 2349 mae
200 2305 218 2347 e
240 2282 395 2348 diametro
416 2284 574 2349 contraria
596 2293 653 2351 est.

177 2383 271 2450 (Ratio
288 2401 306 2438 a
322 2385 478 2439 testimonio
498 2384 590 2439 divino
604 2384 730 2454 procedit
743 2381 819 2438 stab
834 2382 942 2439 effectis
953 2396 983 2445 co

105 2452 200 2509 uariis
222 2453 355 2509 adversis.
400 2453 482 2510 Solus
505 2453 632 2508 Christus
654 2469 705 2522 pro
730 2450 855 2521 peccatis
874 2449 983 2509 satisfac

107 2522 183 2594 quod
203 2528 245 2576 est
265 2522 577 2578 extracontrorersiam.
602 2521 679 2592 Ergo
691 2537 748 2576 non
761 2536 821 2574 nos.
848 2516 983 2575 soluscu

107 2597 168 2645 stus
190 2606 241 2660 pro
266 2607 358 2660 poena
375 2591 484 2661 peccati
501 2589 650 2659 satisfecit,
660 2589 801 2651 ¹liberarit
820 2589 896 2643 enim
912 2604 960 2645 nos
975 2600 983 2639 ι

107 2659 297 2716 mansore
313 2660 392 2728 legis,
415 2660 523 2727 Gai.3,
535 2663 579 2728 13,
595 2675 616 2712 a
632 2661 771 2729 potestate
782 2657 913 2726 Satanae,
930 2654 983 2711 Ha

106 2735 134 2798 2,
152 2733 194 2808 14,
211 2745 230 2782 a
247 2733 337 2783 morte
354 2734 384 2783 et
404 2727 521 2795 inferno,
539 2731 562 2781 1.
579 2726 643 2784 Gor.
658 2731 703 2795 15,
720 2730 765 2808 525,
782 2726 819 2782 ab
838 2722 983 2781 aeternsd

106 2802 256 2861 mochone,
274 2798 355 2851 Rom.
368 2801 394 2865 6,
413 2800 439 2861 9,
459 2813 530 2878 quae
548 2812 639 2866 poena
655 2801 772 2866 peccati.
802 2795 880 2866 Ergo
890 2806 983 2851 nonus

106 2867 218 2923 arram
235 2865 322 2937 igitur
336 2866 486 2935 perspicis,
503 2869 665 2933 asserentes,
684 2863 825 2919 Christum
844 2862 983 2934 quidemr

104 2934 241 2991 tisiecisse
257 2951 308 3005 pro
327 2935 411 3004 culpe
430 2933 487 2988 sire
504 2940 629 3002 peccato,
648 2934 697 2989 sed
714 2949 772 2987 non
782 2948 834 3002 pro
845 2945 983 3014 poenalis

105 3003 170 3071 cati,
191 3020 262 3074 quac
282 3002 421 3072 expianda
440 3003 476 3057 sit
493 3003 623 3072 operibus
642 3001 744 3057 nostris
765 3001 910 3057 laboriosis
927 3006 983 3057 ets

104 3071 278 3141 tisiactoriis‚
295 3071 353 3127 siva
372 3079 472 3141 sponte
489 3071 637 3141 susceptis,
664 3070 722 3125 sive
738 3069 846 3140 judicio
866 3066 983 3127 sacerdot

104 3141 257 3210 impositis,
276 3140 371 3211 qualia
392 3144 458 3195 sunt
476 3139 677 3209 eleemosynae,
688 3138 807 3220 jejunia,
826 3138 927 3204 cilicis,
942 3152 983 3217 ros

103 3208 155 3278 ris,
172 3208 348 3280 precularum
358 3208 539 3279 battologiaa
558 3209 802 3280 peregrinationes,
814 3204 983 3265 humicubstr

103 3293 168 3346 nes,
196 3277 310 3348 missae,
341 3277 530 3348 indulgentiae
548 3284 576 3332 et
594 3282 726 3332 sexcenta
751 3275 823 3344 elia,
847 3293 921 3348 qnae
938 3272 983 3345 set*
