2250 3772
133 241 186 306 De
206 263 241 306 re
261 262 285 305 e.
306 262 423 305 coenae
445 250 578 304 terrena.
620 238 647 307 Ι.
670 240 722 304 De
740 261 832 325 pane.
889 239 954 305 545

74 415 112 463 mt
128 409 159 462 in
178 426 307 475 maneam,
323 411 450 476 fractum
464 410 556 475 fuieee
574 428 593 462 a
608 408 731 463 Domino
750 409 822 463 Jeeu
836 425 955 476 panem,

74 497 76 519 τ
94 479 209 544 fraatue
227 478 320 531 dividi
335 496 369 531 ae
387 479 521 532 olietribui
532 486 629 547 pooiet
641 479 720 532 'inter
733 479 842 533 multoe.
869 479 950 545 Erqo

74 548 88 600 l
106 546 180 599 leima
193 547 381 616 praecoquum
398 565 477 600 urum
495 548 572 616 quod
589 547 699 614 attinet,
712 547 833 616 perinde
853 552 907 613 eut,
925 546 953 598 ei

75 623 157 668 aetne
179 617 347 683 adferatur,
373 623 455 684 atque
480 617 506 669 ei
528 616 635 669 allatae
656 616 762 685 inteqer
779 617 951 685 franqatm.

86 681 145 738 Col.
170 689 225 739 164.
253 685 320 738 Non
338 701 456 752 poenum
477 685 588 751 uidere,
607 700 661 752 quo
679 685 761 737 uerbo
778 682 839 737 Dei
854 699 951 736 cauea·

74 771 98 819 r,
118 768 153 805 ne
170 753 296 806 minister
313 754 474 807 ullomodo
499 770 612 807 coenam
633 753 823 820 administret,
846 751 904 804 niei
920 752 952 804 in
1021 773 1023 777 ¹

74 837 140 874 enea
157 821 318 889 franqatur
339 821 433 890 panii.
463 826 487 876 8.
505 821 564 876 001.
587 822 647 877 end.
676 823 832 875 Praeterea
856 838 952 873 annon

74 907 95 942 m
111 888 198 949 etiam
219 889 311 957 fuerit
334 893 469 944 damnare
494 907 587 944 omnee
607 891 754 959 eaoleeiae,
778 906 854 958 quae
870 906 952 942 euan-
1040 910 1042 918 ·

74 958 147 1011 lium
165 959 318 1026 amplenae,
333 967 510 1027 praetentam
526 967 620 1012 tamen
637 960 813 1027 fractionem
830 976 886 1011 non
902 958 952 1010 lia-

74 1035 171 1090 erunt,
190 1044 276 1095 neque
294 1027 378 1080 etiam
397 1024 619 1096 nuna‘lalentt'
645 1028 748 1081 Annon
771 1028 823 1080 loa
845 1043 953 1095 quoqne

74 1095 133 1149 erit
150 1096 248 1161 fovere
268 1113 390 1150 errorem
408 1097 475 1150 olim
493 1096 711 1150 Donatistarum
735 1104 762 1150 et
779 1113 852 1148 nune
871 1095 949 1148 Ana·

74 1163 237 1232 intimarum,
256 1165 306 1232 qui
321 1165 386 1217 ideo
406 1164 782 1218 communionemnolieeum
800 1165 908 1232 nolunt,
927 1170 953 1216 et

74 1249 85 1284 ι
102 1232 138 1284 ab
156 1232 289 1285 eaeleeiae
307 1234 425 1287 untitate
443 1236 591 1296 recedunt,
610 1234 678 1301 quia
689 1251 743 1286 non
760 1233 855 1286 omnia
871 1233 952 1302 apud

74 1317 93 1353 >e
100 1301 235 1369 perfetta
252 1302 441 1368 reperiuntur,
453 1304 506 1356 eed
517 1303 606 1355 multa
618 1303 839 1355 deriderentur?
857 1308 879 1357 9.
892 1301 951 1355 Col.

74 1375 104 1424 n.
142 1368 191 1421 Ad
209 1386 352 1424 summam.
394 1373 459 1424 Non
479 1378 519 1423 eet
537 1372 694 1424 deserenda
708 1371 869 1424 euletantia
881 1387 953 1452 pror

74 1453 108 1491 er
124 1437 233 1505 aliquot
252 1439 409 1492 accidentia
427 1440 500 1492 male
517 1440 710 1507 cohaerentia,
736 1456 823 1509 neque
845 1438 953 1508 prunei-

74 1505 127 1559 tlt‘a
139 1509 261 1575 propter
274 1508 447 1576 aeoeeeoria‚
467 1524 553 1576 neque
567 1508 652 1561 emiei
663 1525 766 1576 corpur
780 1516 952 1562 contemnen-

74 1593 112 1626 em
129 1581 184 1641 eet,
204 1584 324 1644 propter
341 1576 530 1629 uestimentum
552 1595 608 1630 non
625 1593 710 1645 utque
731 1579 804 1630 aclea
821 1577 869 1631 illi
888 1595 953 1631 aon·

74 1643 167 1711 nient,
185 1660 273 1711 neque
291 1646 431 1698 medicina
451 1653 565 1713 aeqroto
582 1647 748 1715 respuenda,
770 1647 838 1713 quia
856 1647 886 1698 in
923 1663 952 1700 o·

74 1712 108 1766 lo
125 1712 268 1764 exhibetur
280 1721 410 1782 menneo,
429 1731 516 1782 neque
526 1715 613 1783 panii
628 1714 772 1782 famelico,
789 1715 856 1783 quia
869 1664 952 1784 offir-

74 1776 166 1833 rnen
184 1781 274 1834 cultro
297 1781 414 1849 somene,
436 1784 488 1834 ted
504 1784 619 1848 fruetur
637 1783 780 1848 manibue;
810 1801 860 1836 eur
885 1800 950 1850 erqo

74 1847 108 1902 tie
124 1857 242 1917 respuat
260 1866 365 1917 pontem
384 1851 566 1913 dominicum,
592 1851 659 1918 quia
679 1869 735 1904 non
751 1852 899 1920 franqitur
922 1853 952 1904 in

74 1934 150 1985 enea,
168 1919 220 1970 ned
230 1918 349 1985 fraetuo
367 1936 417 1972 eeu
434 1919 464 1971 in
476 1920 609 1986 frentula
648 1927 747 1972 aretae
768 1921 904 1985 adfertur
921 1921 953 1973 in

74 1987 189 2040 mam!
214 1986 251 2040 Et
268 1986 369 2040 iterum
389 1988 506 2058 epistola
523 1987 578 2041 nlie
595 2004 613 2040 e
649 1986 765 2041 eundem
785 1988 832 2042 lib.
857 1995 878 2043 1.
899 1989 951 2042 nol.

74 2059 106 2109 56.
124 2058 144 2106 t.
164 2059 189 2109 8.
226 2055 260 2108 Si
275 2056 405 2110 melioret
426 2057 457 2109 in
478 2056 652 2109 contrariam
669 2063 781 2126 partem
798 2058 969 2126 afferentiu-¹

74 2123 186 2190 manee,
214 2123 331 2177 libenter
357 2124 482 2180 anoliam.
526 2126 604 2179 Nam
631 2127 708 2192 quod
733 2125 849 2193 quidam
864 2143 952 2196 prae·

74 2198 154 2262 ptam
174 2207 233 2244 eene
250 2192 348 2245 uolunt
365 2192 548 2260 (fractionem)
562 2201 684 2262 propter
697 2194 766 2248 laea
780 2196 878 2248 uerba:
899 2196 951 2250 loe

74 2260 133 2313 mite
152 2260 182 2312 in
202 2261 257 2312 mei
267 2263 499 2327 recordationem,
516 2262 696 2330 meoiudicio
711 2263 874 2330 fallentem
893 2271 956 2318 tum.

74 2329 113 2382 tia
139 2327 237 2396 liquet,
264 2332 428 2383 mandatum
453 2332 504 2384 loe
536 2333 571 2384 de
593 2333 668 2400 fine,
695 2349 752 2385 non
778 2334 819 2385 ael
840 2334 952 2399 foetum

74 2395 154 2451 irieti
160 2415 169 2449 :
184 2398 281 2466 freyn,
298 2401 351 2452 eed
363 2401 405 2452 ad
420 2399 551 2468 superine
562 2402 725 2453 menolatum
738 2402 774 2453 cle
786 2402 954 2470 aearqoiendo

88 2466 198 2518 edendo
211 2482 290 2533 pane
306 2469 488 2535 referendum
499 2485 575 2531 eoem·
593 2477 651 2521 tum
662 2469 755 2537 etiam,
772 2471 839 2537 quia
857 2486 953 2538 oeque·

74 2542 124 2588 tur
139 2535 214 2588 male
225 2535 296 2601 fieri
313 2553 332 2588 a
350 2537 455 2590 nostrie
471 2536 619 2602 ministrie,
646 2540 724 2605 quod
740 2537 797 2591 noli
806 2539 954 2608 franqant

74 2619 157 2670 mem,
174 2615 236 2656 eum
252 2606 418 2657 mandatum
430 2606 481 2658 loe
499 2607 545 2674 (ei
562 2607 771 2674 defranqendo
783 2607 867 2659 etiam
878 2625 954 2676 pane

74 2671 243 2741 telliqatur)
261 2690 318 2726 non
335 2675 376 2726 ad
392 2674 477 2740 eoloe,
494 2676 547 2727 eod
565 2676 607 2727 ad
622 2691 715 2728 omnen
729 2675 830 2739 fideles
841 2677 953 2745 refera-

74 2759 101 2810 r,
118 2739 218 2808 quibua
237 2741 321 2794 etiam
338 2742 463 2795 omnibus
481 2744 592 2796 deamat
607 2744 706 2812 print:
724 2743 850 2812 aem‘qoite,
870 2745 952 2800 edite.

74 2815 147 2863 eetat
170 2824 250 2876 erqo,
276 2827 333 2863 non
354 2827 440 2879 poete
465 2806 631 2879 iimplieiter
658 2813 792 2865 damnari
817 2829 876 2878 eoe,
903 2815 954 2882 qui

74 2895 110 2932 me
133 2894 190 2930 non
211 2878 318 2932 liabent.
362 2878 441 2934 Haec
466 2879 509 2933 his
526 2879 618 2934 verbis
640 2880 709 2949 ipse.
752 2879 858 2943 Quibus
882 2881 951 2953 quid

74 2951 140 3001 met
160 2945 215 3000 diei
238 2946 358 3000 elarius?
388 2947 462 3012 Quid
489 2964 537 3018 pro
560 2963 641 3003 verae
665 2953 776 3003 nostrae
797 2951 949 3006 sententiae

74 3013 196 3069 nertione
218 3014 387 3084 evidentius,
410 3033 464 3138 fro
493 3016 712 3071 adversariorum
729 3032 796 3071 vero
812 3017 949 3099 opinionis

74 3099 178 3138 ronene
203 3082 387 3138 destructione
423 3085 527 3140 nntius?
565 3083 675 3154 Optime
699 3085 806 3149 omnia,
832 3087 951 3159 ideoque

74 3166 130 3206 noo
154 3151 309 3207 mehercule
327 3152 458 3209 uterino
475 3153 650 3234 dignissime,
674 3155 711 3208 ed
732 3154 953 3213 adversariorum

74 3219 250 3275 tundendam
267 3221 450 3291 tyrannidem,
468 3227 511 3277 uti
523 3223 666 3276 Zaneline
679 3221 810 3303 indigitat
829 3225 879 3279 coi
897 3231 955 3290 163,

74 3288 283 3360 nportunitntem
302 3289 399 3345 itidem
421 3296 450 3346 et
471 3291 563 3346 zelum
585 3291 810 3361 intempestivum
829 3294 957 3350 turbeto-

762 3385 789 3429 tt
