2250 3772
113 111 155 176 76
352 108 458 196 Caput
479 111 504 176 I.
548 111 601 175 De
625 112 789 197 decalogo,

110 282 218 350 jurare,
236 285 353 349 utputa
385 285 413 333 te
431 296 487 332 non
504 295 564 333 esse
584 295 664 332 reum
681 279 825 348 adulterii,
852 295 918 333 cum
934 283 1025 334 tamen

114 348 297 417 commiserim
320 363 354 402 ve
387 363 446 401 rem
468 349 592 417 juratam
617 364 674 400 non
692 352 841 417 praestare.
878 346 946 402 Huc
961 365 991 402 er

113 417 270 472 referuntur
289 416 404 488 quaevis
417 417 548 486 perjuria.
577 414 712 486 Dejerare
730 421 774 470 est
790 417 876 471 libere
887 417 934 470 vel
944 415 992 471 val
1010 432 1025 472 e

110 486 215 555 jurare.
244 486 438 555 Dejerationes
456 485 542 556 igitur
559 484 656 538 futiles
673 490 745 552 sunt,
765 502 837 555 quae
856 485 893 539 ad
913 485 1025 540 tertium

113 556 244 626 quodque
262 555 378 609 verbnm
394 553 465 607 fiunt
482 554 511 607 in
528 553 619 607 causis
636 569 692 608 non
710 553 888 616 necessariis,
906 553 956 608 ubi
1012 571 1027 606 r

113 631 155 676 eat
172 632 197 675 et
215 642 272 676 eoa
291 632 331 676 cat
349 622 462 693 negotia
480 621 599 692 transigi
637 627 748 690 ossunt,
765 639 884 694 quarum
901 622 956 678 hae
985 639 1026 677 or·

113 692 219 746 mulae:
242 708 293 761 per
313 692 434 744 animam
451 708 555 754 meam,
579 641 735 745 aulmeine
753 689 832 761 Seel'‚
859 691 906 747 bei
922 689 1026 746 muner

113 759 212 815 Seelen
231 759 366 830 Seligkeit
385 768 436 814 etc.
472 760 571 815 Vanae
587 759 642 814 Dei
661 760 851 814 attestationes
870 766 950 830 sunt,
986 759 1026 813 ui-

111 827 165 882 bus
185 833 287 883 temere
306 830 382 884 Deus
398 827 477 882 testis
495 829 660 896 advocatur,
680 834 726 882 ut:
746 829 824 883 novit
840 826 933 898 Deus,

112 896 192 951 weiss
211 914 248 962 es,
268 898 319 950 das
337 898 416 951 weiss
430 897 499 951 Gott
511 902 563 950 cto.
594 897 770 951 Temerariae
782 897 943 952 devotiones
953 902 1025 964 sunt,

114 966 216 1036 quibus
232 965 276 1020 vel
296 966 375 1020 Deus
391 965 436 1019 vel
454 965 592 1021 Diabolus
610 965 712 1020 vindex
731 965 876 1021 invocatur
911 971 961 1024 ut:
976 982 1024 1036 pu·

112 1033 173 1088 nat
190 1053 235 1089 me
247 1035 333 1098 neus,
349 1035 441 1104 rapiat
457 1052 502 1088 ms
513 1035 664 1088 urseolus:
681 1034 766 1089 strare
784 1006 945 1098 mendose,
963 1035 1025 1089 hus

113 1103 187 1156 mich
206 1105 255 1158 der
272 1104 372 1158 Teufel
392 1111 445 1158 etc.
463 1119 536 1174 quae
554 1109 582 1158 et
599 1103 654 1157 alia
671 1103 759 1158 veluti
778 1104 944 1174 gravissima
960 1119 1024 1174 pee-

111 1177 177 1226 cata
193 1172 246 1226 hoc
272 1178 421 1242 praecepto
438 1172 628 1241 prohibentur.
664 1179 689 1228 4.
707 1172 925 1242 Incantationes,
945 1187 1026 1226 vene-

111 1239 184 1309 ficia,
199 1242 325 1311 auguria.
338 1240 554 1307 benedictiones,
568 1241 799 1304 consecrationes,
811 1241 1025 1297 exorcisationes

113 1314 141 1362 et
159 1327 204 1362 ma
225 1311 284 1364 icae
301 1309 372 1363 aliae
394 1309 602 1378 superstitiones
622 1316 683 1372 etc,
707 1326 776 1380 quas
794 1327 879 1380 sagae
899 1317 929 1365 et
945 1326 1026 1365 rene·

110 1376 157 1431 fici
185 1328 348 1459 plerumque
378 1379 423 1431 vel
453 1378 561 1439 verbis,
592 1377 636 1431 vel
668 1378 875 1434 characteribus
901 1395 917 1433 e
947 1394 1026 1433 sacra

111 1445 214 1517 Script.
233 1447 329 1516 petitis
346 1446 500 1517 perficiunt,
518 1448 585 1500 Leo.
604 1450 651 1511 20,
673 1450 697 1503 6.
735 1449 821 1500 Deat.
842 1451 881 1515 18,
899 1450 944 1502 10.
973 1447 1025 1502 Be

110 1515 283 1570 nedietiones
311 1522 384 1596 sunt·
402 1514 538 1593 formulae
562 1520 654 1568 certae
674 1516 822 1595 verborum
840 1533 856 1570 e
874 1515 1026 1588 Scripturis

110 1590 486 1724 1311111111οᾘ
524 1584 1026 1724 ἓὲἓὲηέῑὲἓὶῆὲἒὲι-ἓὲωᾱΑῗεΐὲζ

109 1726 156 1775 tur
184 1723 356 1793 germanice:
389 1722 488 1793 Sagen.
547 1720 774 1777 Consecrationes
799 1728 864 1776 sunt
890 1722 1026 1777 formulae

110 1792 265 1855 verborum,
285 1791 386 1862 quibus
400 1807 499 1862 aquae,
516 1791 576 1859 sali,
595 1791 663 1854 oleo,
681 1807 769 1850 cerae,
787 1791 920 1854 candelis,
933 1791 1026 1873 cineri,

110 1861 194 1914 ramis
212 1868 264 1918 ete.
286 1860 525 1931 supernaturalem
541 1859 674 1912 virtutem
693 1865 720 1914 et
738 1858 894 1914 efficaciam
912 1860 1026 1916 delendr

109 1936 228 1998 peccata
250 1930 383 1990 venialia,
409 1927 528 1999 fugandi
546 1927 692 1990 satanam,
723 1928 881 1998 depellendi
904 1929 1025 1994 morbos,

110 1998 259 2061 conciliari,
271 1997 407 2068 pontificii
417 2004 572 2068 nugantur,
585 1998 756 2067 germanice:
771 1998 920 2070 Weihung.
939 1997 1026 2053 Exor-

108 2065 188 2120 cismi
205 2073 269 2120 sunt
284 2066 419 2120 formulae
437 2065 597 2133 verborum,
626 2065 727 2136 quibus
745 2066 897 2120 Diabolum
918 2072 970 2134 et,
1005 2067 1026 2120 i·

108 2133 178 2187 ritus
196 2134 352 2190 immundos
371 2133 472 2204 expelli
495 2134 653 2202 opinantur.
693 2134 873 2190 Germanice:
900 2134 979 2190 Teuf
1001 2152 1026 2187 s·

109 2202 313 2272 besohwbrung
331 2210 383 2256 etc.
420 2202 466 2257 Sic
488 2210 516 2257 et
538 2202 575 2255 ad
598 2203 765 2274 praestigias
784 2204 853 2258 alias
873 2203 1025 2275 aliquando

109 2287 212 2324 nomen
228 2270 284 2324 Dei
303 2271 500 2341 superstitiosis
519 2270 671 2348 vopabulis,
691 2273 764 2326 notis
777 2280 805 2327 et
817 2273 1026 2327 characteribus

103 2339 254 2408 miscetur:
273 2339 423 2410 aliquando
440 2347 468 2394 et
482 2340 642 2409 scripturae
655 2342 741 2395 verba
751 2341 926 2408 adhibentur,
944 2357 1026 2411 quae,

108 2415 186 2462 certa
203 2408 293 2462 forma
311 2415 339 2462 et
355 2407 463 2462 vicibus
481 2408 609 2475 recitata,
629 2410 737 2481 aliquid
756 2409 863 2480 operari
881 2415 1026 2480 putantur,

109 2476 261 2547 aliquando
286 2477 443 2547 symbolum
464 2477 662 2547 apostolicum,
692 2479 779 2532 oratio
800 2478 951 2544 dominica,
978 2478 1026 2546 ¹vel

110 2544 577 2668 egfinggliiwerglamdteastzribuntur,
596 2551 625 2668 εξ
642 2548 688 2602 vel
707 2565 791 2669 srlrpgr
802 2547 915 2667 anifirali
928 2546 965 2600 ad
978 2547 1025 2603 de·

167 2631 313 2669 enamm
377 2632 386 2665 1
445 2632 473 2667 m
512 2631 657 2668 romunur
693 2632 727 2670 ve
782 2632 851 2670 eoo
873 2632 955 2669 osus
978 2632 1025 2670 en-

108 2631 222 2739 duntur.
263 2683 304 2736 At
329 2633 536 2752 superstitiospus
565 2689 593 2737 et
618 2655 808 2738 idololatricue
834 2684 879 2745 hie
904 2633 1030 2738 noniinis'

107 2751 195 2805 divini
212 2751 318 2805 abusus
334 2757 384 2805 est.
406 2752 542 2822 Nuspiam
556 2751 629 2806 enim
639 2753 697 2808 Scri
720 2760 783 2817 tura
800 2752 914 2816 indicat,
931 2768 1024 2807 sacro·

106 2825 235 2874 sanctum
257 2819 312 2874 Dei
328 2836 437 2888 nomen,
456 2827 485 2874 et
501 2819 618 2875 verbum
637 2821 673 2874 ad
713 2821 900 2876 enedictiones
916 2821 1025 2875 vetula·

106 2906 168 2943 rum
185 2886 350 2958 usurpatum
370 2906 444 2958 esse,
463 2889 513 2944 sed
531 2889 645 2944 damnat
663 2896 724 2945 tum
742 2906 801 2954 eos,
820 2890 867 2960 qui
886 2896 1026 2959 exercent,

106 2957 193 3010 Dect.
214 2960 255 3024 18,
272 2960 315 3026 12,
333 2965 392 3013 tum
412 2976 467 3027 eos,
487 2957 535 3028 qui
553 2956 665 3022 horum,
705 2959 733 3012 ui
750 2964 889 3027 exercent,
907 2958 1026 3013 consilio

107 3030 137 3079 et
151 3042 205 3096 ope
225 3032 355 3097 utuntur,
379 3029 466 3082 Levat.
485 3030 529 3094 19,
546 3030 592 3082 31.
630 3030 655 3081 1.
717 3046 752 3081 m.
772 3031 816 3088 28,
836 3030 858 3082 7.
894 3026 940 3081 De
958 3044 1025 3081 eon·

43 3148 51 3159 ,
105 3093 306 3150 accessibus
324 3096 433 3151 nullum
448 3093 584 3150 habemus
599 3096 770 3165 mandatum,
788 3096 894 3150 nullam
907 3096 1025 3166 promis·

103 3161 224 3232 sionem,
248 3163 356 3218 nullum
380 3166 542 3234 exemplum.
582 3170 607 3219 5.
627 3164 788 3234 Mendaeia,
817 3164 874 3219 doli
896 3169 925 3219 et
942 3165 1024 3220 dece·
