2250 3772
473 256 528 319 De
549 255 632 320 Deo.
948 258 1013 322 213

100 431 144 477 ret!
157 411 412 492 z'retrospectaoter
437 425 479 477 ad
498 424 558 477 Dei
574 425 715 490 mysterio.
746 426 880 479 Notiora.
899 431 966 480 orat
986 431 1010 481 6.

106 481 258 550 cetrina
274 497 380 556 anea,
400 497 420 547 t.
442 498 465 548 t.
484 509 511 562 p.
533 498 581 548 179
590 493 635 560 Β.)

129 587 170 655 li·
214 595 317 674 Qualis
339 609 383 660 est
404 599 464 660 isto
479 598 710 681 proprietatum
730 598 990 682 hypostaticarum

457 681 653 765 deffereott'o?

188 774 257 845 Non
276 792 323 846 est
346 782 521 857 assentiatis,
544 780 620 864 quia
641 803 707 845 non
729 793 777 844 est
797 779 860 843 alia
874 780 1012 844 essentia

129 858 221 943 Petris,
239 866 301 930 alia
321 865 410 942 Filii,
432 865 548 929 atalia
573 863 712 951 Spiritus
735 865 845 942 sancti,
867 866 1010 929 seduna

131 943 273 1038 eademque
294 949 430 1036 singulis
455 950 617 1013 indivisim
640 950 825 1015 communis.
865 950 941 1014 Non
963 960 1012 1013 est
1087 964 1090 973 '

131 1034 269 1113 sauata
288 1035 366 1120 quia
386 1057 451 1099 non
472 1035 665 1099 verbotenus
687 1036 803 1099 dicitur
823 1033 931 1111 Pater,
953 1035 1010 1099 Fi·

131 1110 182 1199 lius,
199 1131 225 1185 et
247 1119 386 1207 Spiritus
408 1130 551 1196 sanctus3
575 1143 634 1184 nec
656 1124 831 1205 respectiva,
856 1121 1009 1204 quemad-

130 1202 230 1269 modum
248 1206 344 1271 homo
366 1206 464 1269 Pater
486 1215 518 1269 et
538 1205 642 1269 Filius
669 1228 738 1270 esse
759 1216 790 1269 et
811 1204 875 1269 dici
893 1216 1008 1292 potest.

130 1280 177 1350 Sed
194 1301 236 1355 est
254 1293 364 1368 realia,
391 1290 467 1373 quia
493 1313 605 1354 revera
633 1291 696 1354 alia
718 1303 766 1354 est
785 1312 922 1375 persona
943 1290 1008 1353 Pa-

129 1368 175 1449 tn't,
192 1376 249 1439 alia
269 1375 358 1452 Filii,
379 1376 443 1438 alia
464 1372 602 1460 Spiritus
626 1375 737 1443 sancti.

154 1474 325 1555 ··(Quaelibet
342 1475 416 1530 enim
435 1492 555 1556 persona
571 1475 656 1556 habet
675 1475 853 1544 peculiarem,
863 1494 942 1531 suam
960 1478 1008 1532 de·

127 1534 263 1607 finitionem,
294 1562 344 1599 seu
367 1544 561 1598 subsistentem
588 1552 616 1598 et
641 1546 928 1601 mcommunicabilem
946 1565 1009 1617 pro-

126 1609 251 1731 pitgttatem,
269 1619 297 1668 et
317 1613 374 1667 alia
392 1613 427 1667 ab
448 1612 503 1693 alia
522 1630 578 1693 non
596 1612 679 1678 οὐσίᾳ
696 1612 746 1693 setl
757 1614 851 1695 φὼς)
865 1615 1008 1696 circipanis

161 1687 200 1750 ort,
216 1683 298 1736 modo
316 1687 410 1737 tamen
430 1681 510 1735 nobis
528 1699 617 1734 rncom
639 1681 805 1738 rehensrbrlr.
839 1684 896 1739 Ub1
916 1685 1009 1739 obser-

125 1748 219 1805 vntum
242 1752 296 1805 hoc
320 1753 444 1803 aerioma:
461 1767 598 1819 personae
618 1699 683 1803 licet
701 1754 738 1818 τῷ
757 1747 829 1804 εἶναι
849 1761 875 1805 ot
891 1755 1010 1807 realiter

125 1814 270 1889 traepcot,
297 1818 379 1887 oriola
402 1827 495 1871 toraca
512 1837 597 1871 anam
615 1827 678 1871 aaut
696 1821 911 1887 simplicissima.
952 1825 1008 1875 Er-

124 1894 171 1939 uu
187 1889 269 1959 igitur
295 1895 318 1944 1.
339 1887 509 1955 Tritbet'tao,
536 1888 584 1957 qui
608 1894 663 1941 tres
688 1905 819 1957 personas
838 1889 866 1942 in
883 1896 939 1942 tres
957 1909 1008 1944 nu-

124 1964 178 2009 mero
202 1958 333 2011 essentias
361 1955 568 2011 transformant.
608 1959 728 2024 Aapact.
755 1956 773 2010 l.
798 1957 834 2010 ad
853 1959 928 2028 quod
947 1958 1009 2012 vult

124 2014 202 2080 latres.
213 2032 251 2081 74.
269 2031 289 2080 t.
300 2032 323 2081 6.
344 2026 394 2079 col.
405 2025 485 2106 29]).
518 2027 670 2104 Errasti.
687 2024 855 2086 Sabelliani,
876 2028 924 2107 qui
941 2044 1007 2080 eun·

124 2084 169 2163 len
184 2111 238 2150 esse
249 2095 362 2149 Patrem
375 2100 402 2148 et
413 2093 516 2173 Frhum
531 2100 559 2146 et
572 2092 704 2174 Spintum
722 2101 848 2148 sanctum
867 2094 1007 2164 dicebant,

123 2158 156 2225 u
169 2168 196 2215 ut
211 2163 240 2217 in
259 2179 317 2216 una
335 2164 492 2217 substantra
509 2168 564 2215 tres
584 2167 639 2214 sint
651 2163 883 2218 nomenclaturae.
916 2166 1007 2219 Ecler.

123 2231 224 2307 mttaeol.
242 2233 349 2287 haeres.
369 2230 448 2285 class.
471 2237 509 2285 14.
524 2248 551 2299 p.
572 2236 631 2285 281.
670 2232 781 2283 Errant
800 2238 824 2286 3.
841 2232 1008 2298 Soractiam',

121 2299 243 2361 quocum
260 2301 371 2354 unicam
381 2316 441 2354 esse
455 2315 601 2368 personam
613 2300 817 2356 asseverabant.
842 2301 1008 2356 Trinitatem

121 2373 297 2424 aorosmetam
317 2369 419 2438 triceps
437 2381 597 2428 monstrum,
613 2368 756 2422 cerberum
773 2370 931 2439 tricipitem,
950 2371 1008 2424 dia-

121 2423 217 2490 bolicum
228 2439 401 2508 phantasma,
420 2436 577 2490 illusionem
592 2435 719 2504 Satanae,
741 2437 806 2491 deos
819 2439 875 2491 ima
896 2439 1007 2508 inarios,

120 2497 162 2573 lm
175 2503 383 2561 Daemoniarum
400 2505 518 2573 Spiritus
538 2504 677 2565 (horresco
694 2505 840 2574 referens),
889 2514 1008 2576 etvetus,

119 2576 252 2640 tanaus
264 2575 311 2630 ille
319 2574 465 2641 Diabolus,
479 2573 640 2642 blasphemo
652 2590 698 2626 ore
708 2574 900 2644 despumabat.
925 2578 1008 2629 Idem

120 2630 201 2697 lbidem
216 2662 244 2714 p.
263 2650 321 2700 285.
360 2642 404 2697 De
425 2642 527 2713 quibus
546 2647 648 2712 supra.)

152 2757 193 2827 20.
227 2763 328 2842 Quam
350 2787 441 2829 ooooa
455 2784 553 2847 porro
576 2759 789 2826 differentiam
812 2764 852 2827 ad
875 2777 964 2828 extra

269 2868 272 2873 ·
422 2849 482 2911 siae
504 2846 680 2910 esterno-m?

185 2946 254 3029 Qua
271 2972 428 3034 personae
451 2949 491 3011 ab
515 2945 653 3010 externis
680 2948 927 3032 proprietatibus
951 2949 1007 3011 be-

118 3025 280 3098 netoiomm
310 3047 341 3098 et
362 3034 609 3118 praecipuorum
631 3053 763 3115 operum
784 3055 862 3117 erga
883 3045 1007 3096 creatu-

117 3116 331 3204 rts,i1nprimis
352 3141 428 3183 vero
451 3141 529 3203 erga
551 3115 717 3179 ecclesiam
739 3117 986 3203 distinguuntur.

116 3259 120 3271 .
173 3215 316 3279 (Dicuntur
341 3219 378 3272 ad
396 3224 488 3280 extra,
515 3219 581 3287 quia
599 3221 773 3289 operationes
790 3221 841 3273 has
858 3236 915 3272 non
933 3219 1007 3273 intra

114 3277 190 3337 ¹l⁸am
208 3287 436 3359 simplicissimam
454 3302 533 3340 suam
552 3290 701 3343 essentiam
720 3289 850 3357 divinam,
869 3287 918 3341 sed
931 3294 1009 3341 extra
