<?xml version="1.0" encoding="UTF-8"?>
<!DOCTYPE html PUBLIC "-//W3C//DTD XHTML 1.0 Transitional//EN"
    "http://www.w3.org/TR/xhtml1/DTD/xhtml1-transitional.dtd">
<html xmlns="http://www.w3.org/1999/xhtml" xml:lang="en" lang="en">
 <head>
  <title>
</title>
<meta http-equiv="Content-Type" content="text/html;charset=utf-8" />
  <meta name='ocr-system' content='tesseract 3.04.00' />
  <meta name='ocr-capabilities' content='ocr_page ocr_carea ocr_par ocr_line ocrx_word'/>
</head>
<body>
  <div class='ocr_page' id='page_1' title='image "./dconradidieteri00dietgoog_0363.png"; bbox 0 0 2250 3772; ppageno 0'>
   <div class='ocr_carea' id='block_1_1' title="bbox 101 229 887 317">
    <p class='ocr_par' dir='ltr' id='par_1_1' title="bbox 101 229 887 317">
     <span class='ocr_line' id='line_1_1' title="bbox 101 229 887 317; baseline 0 -18"><span class='ocrx_word' id='word_1_1' title='bbox 101 232 168 299; x_wconf 81' lang='lat'>330</span> <span class='ocrx_word' id='word_1_2' title='bbox 241 229 348 317; x_wconf 78' lang='lat' dir='ltr'>Caput</span> <span class='ocrx_word' id='word_1_3' title='bbox 369 230 413 299; x_wconf 84' lang='lat' dir='ltr'>IL</span> <span class='ocrx_word' id='word_1_4' title='bbox 455 232 509 295; x_wconf 91' lang='lat' dir='ltr'>De</span> <span class='ocrx_word' id='word_1_5' title='bbox 530 231 678 317; x_wconf 88' lang='lat' dir='ltr'>symbolo</span> <span class='ocrx_word' id='word_1_6' title='bbox 703 232 887 317; x_wconf 88' lang='lat' dir='ltr'>apostolico.</span> 
     </span>
    </p>
   </div>
   <div class='ocr_carea' id='block_1_2' title="bbox 102 388 1032 1296">
    <p class='ocr_par' dir='ltr' id='par_1_2' title="bbox 102 388 1018 675">
     <span class='ocr_line' id='line_1_2' title="bbox 103 388 980 541; baseline 0 -18"><span class='ocrx_word' id='word_1_7' title='bbox 103 401 283 541; x_wconf 66' lang='lat' dir='ltr'>uaau·</span> <span class='ocrx_word' id='word_1_8' title='bbox 296 400 876 539; x_wconf 56' lang='lat' dir='ltr'>alcrs⁰⁶aa0esaz⁹²aras</span> <span class='ocrx_word' id='word_1_9' title='bbox 893 388 980 534; x_wconf 69' lang='lat' dir='ltr'>lit</span> 
     </span>
     <span class='ocr_line' id='line_1_3' title="bbox 102 528 1018 610; baseline -0.002 -18"><span class='ocrx_word' id='word_1_10' title='bbox 102 539 139 593; x_wconf 91' lang='lat' dir='ltr'>de</span> <span class='ocrx_word' id='word_1_11' title='bbox 157 539 294 610; x_wconf 82' lang='lat' dir='ltr'>evangelii</span> <span class='ocrx_word' id='word_1_12' title='bbox 312 536 535 608; x_wconf 78' lang='lat' dir='ltr'><strong>promulgatione</strong></span> <span class='ocrx_word' id='word_1_13' title='bbox 555 539 616 607; x_wconf 85' lang='lat' dir='ltr'>jam</span> <span class='ocrx_word' id='word_1_14' title='bbox 633 538 699 592; x_wconf 93' lang='lat' dir='ltr'>olim</span> <span class='ocrx_word' id='word_1_15' title='bbox 717 538 849 609; x_wconf 88' lang='lat' dir='ltr'>impleta,</span> <span class='ocrx_word' id='word_1_16' title='bbox 876 536 907 591; x_wconf 88' lang='lat' dir='ltr'>de</span> <span class='ocrx_word' id='word_1_17' title='bbox 921 528 980 603; x_wconf 72' lang='lat' dir='ltr'>iuri·</span> <span class='ocrx_word' id='word_1_18' title='bbox 1015 573 1018 579; x_wconf 82' lang='lat'><em>·</em></span> 
     </span>
     <span class='ocr_line' id='line_1_4' title="bbox 103 605 982 675; baseline -0.002 -14"><span class='ocrx_word' id='word_1_19' title='bbox 103 608 259 662; x_wconf 88' lang='lat' dir='ltr'>rationibus</span> <span class='ocrx_word' id='word_1_20' title='bbox 281 606 397 661; x_wconf 89' lang='lat' dir='ltr'>occultis</span> <span class='ocrx_word' id='word_1_21' title='bbox 419 605 513 659; x_wconf 90' lang='lat' dir='ltr'>adbuc</span> <span class='ocrx_word' id='word_1_22' title='bbox 536 606 684 675; x_wconf 75' lang='lat' dir='ltr'>implendis</span> <span class='ocrx_word' id='word_1_23' title='bbox 702 623 739 661; x_wconf 89' lang='lat' dir='ltr'>ne</span> <span class='ocrx_word' id='word_1_24' title='bbox 756 606 871 661; x_wconf 81' lang='lat' dir='ltr'>verbum</span> <span class='ocrx_word' id='word_1_25' title='bbox 887 605 982 660; x_wconf 76' lang='lat' dir='ltr'>habam</span> 
     </span>
    </p>

    <p class='ocr_par' dir='ltr' id='par_1_3' title="bbox 103 674 1032 1228">
     <span class='ocr_line' id='line_1_5' title="bbox 105 674 983 745; baseline -0.003 -13"><span class='ocrx_word' id='word_1_26' title='bbox 105 682 131 732; x_wconf 83' lang='lat'>2.</span> <span class='ocrx_word' id='word_1_27' title='bbox 150 676 239 733; x_wconf 84' lang='lat' dir='ltr'>Seribi</span> <span class='ocrx_word' id='word_1_28' title='bbox 257 675 286 729; x_wconf 91' lang='lat' dir='ltr'>in</span> <span class='ocrx_word' id='word_1_29' title='bbox 304 674 389 730; x_wconf 87' lang='lat' dir='ltr'>eorda</span> <span class='ocrx_word' id='word_1_30' title='bbox 406 674 534 744; x_wconf 76' lang='lat' dir='ltr'><strong>nuspiam</strong></span> <span class='ocrx_word' id='word_1_31' title='bbox 552 674 692 745; x_wconf 83' lang='lat' dir='ltr'>siguificat</span> <span class='ocrx_word' id='word_1_32' title='bbox 710 675 754 729; x_wconf 89' lang='lat' dir='ltr'>ins</span> <span class='ocrx_word' id='word_1_33' title='bbox 773 674 983 730; x_wconf 69' lang='lat' dir='ltr'>irationemeullr</span> 
     </span>
     <span class='ocr_line' id='line_1_6' title="bbox 103 743 984 816; baseline -0.006 -15"><span class='ocrx_word' id='word_1_34' title='bbox 103 745 198 813; x_wconf 84' lang='lat' dir='ltr'>ticam,</span> <span class='ocrx_word' id='word_1_35' title='bbox 216 745 265 799; x_wconf 90' lang='lat' dir='ltr'>sed</span> <span class='ocrx_word' id='word_1_36' title='bbox 283 743 450 816; x_wconf 78' lang='lat' dir='ltr'>generaliter</span> <span class='ocrx_word' id='word_1_37' title='bbox 469 744 637 805; x_wconf 80' lang='lat' dir='ltr'>doctrinam,</span> <span class='ocrx_word' id='word_1_38' title='bbox 657 743 716 799; x_wconf 87' lang='lat' dir='ltr'>sive</span> <span class='ocrx_word' id='word_1_39' title='bbox 734 744 741 757; x_wconf 85' lang='lat'>&#39;</span> <span class='ocrx_word' id='word_1_40' title='bbox 801 743 852 799; x_wconf 87' lang='lat' dir='ltr'>liat</span> <span class='ocrx_word' id='word_1_41' title='bbox 867 759 913 815; x_wconf 90' lang='lat' dir='ltr'>per</span> <span class='ocrx_word' id='word_1_42' title='bbox 928 744 984 796; x_wconf 67' lang='lat' dir='ltr'>nala·</span> 
     </span>
     <span class='ocr_line' id='line_1_7' title="bbox 105 806 1032 882; baseline -0.003 -15"><span class='ocrx_word' id='word_1_43' title='bbox 105 830 176 882; x_wconf 86' lang='lat' dir='ltr'>ram,</span> <span class='ocrx_word' id='word_1_44' title='bbox 194 815 275 868; x_wconf 85' lang='lat' dir='ltr'>Rom.</span> <span class='ocrx_word' id='word_1_45' title='bbox 294 817 321 879; x_wconf 83' lang='lat'>2,</span> <span class='ocrx_word' id='word_1_46' title='bbox 342 816 384 878; x_wconf 80' lang='lat'>14,</span> <span class='ocrx_word' id='word_1_47' title='bbox 404 812 461 866; x_wconf 85' lang='lat' dir='ltr'>sive</span> <span class='ocrx_word' id='word_1_48' title='bbox 515 831 529 865; x_wconf 90' lang='lat' dir='ltr'>r</span> <span class='ocrx_word' id='word_1_49' title='bbox 547 812 758 880; x_wconf 70' lang='lat' dir='ltr'>institutionem,</span> <span class='ocrx_word' id='word_1_50' title='bbox 776 815 804 866; x_wconf 81' lang='lat'>2.</span> <span class='ocrx_word' id='word_1_51' title='bbox 819 812 883 869; x_wconf 82' lang='lat' dir='ltr'>Cor.</span> <span class='ocrx_word' id='word_1_52' title='bbox 898 814 923 880; x_wconf 82' lang='grc'>3,</span> <span class='ocrx_word' id='word_1_53' title='bbox 938 806 984 873; x_wconf 70' lang='lat'>23,</span> <span class='ocrx_word' id='word_1_54' title='bbox 1030 846 1032 855; x_wconf 85' lang='lat'>·</span> 
     </span>
     <span class='ocr_line' id='line_1_8' title="bbox 106 876 1032 952; baseline -0.006 -17"><span class='ocrx_word' id='word_1_55' title='bbox 106 882 165 936; x_wconf 77' lang='lat' dir='ltr'>sive</span> <span class='ocrx_word' id='word_1_56' title='bbox 181 900 231 952; x_wconf 92' lang='lat' dir='ltr'>per</span> <span class='ocrx_word' id='word_1_57' title='bbox 246 882 447 951; x_wconf 79' lang='lat' dir='ltr'>receptionem,</span> <span class='ocrx_word' id='word_1_58' title='bbox 491 899 550 935; x_wconf 83' lang='lat' dir='ltr'>roa.</span> <span class='ocrx_word' id='word_1_59' title='bbox 566 886 594 947; x_wconf 81' lang='lat'>3,</span> <span class='ocrx_word' id='word_1_60' title='bbox 611 884 639 936; x_wconf 85' lang='lat'>3.</span> <span class='ocrx_word' id='word_1_61' title='bbox 674 881 797 936; x_wconf 86' lang='lat' dir='ltr'>Proinde</span> <span class='ocrx_word' id='word_1_62' title='bbox 817 886 842 936; x_wconf 82' lang='lat'>3.</span> <span class='ocrx_word' id='word_1_63' title='bbox 859 876 987 935; x_wconf 67' lang='lat' dir='ltr'>venemo</span> <span class='ocrx_word' id='word_1_64' title='bbox 1029 888 1032 929; x_wconf 85' lang='lat'>:</span> 
     </span>
     <span class='ocr_line' id='line_1_9' title="bbox 104 931 1032 1057; baseline -0.002 -52"><span class='ocrx_word' id='word_1_65' title='bbox 104 950 159 1005; x_wconf 90' lang='lat' dir='ltr'>boc</span> <span class='ocrx_word' id='word_1_66' title='bbox 178 951 412 1021; x_wconf 79' lang='lat' dir='ltr'>praedicationem</span> <span class='ocrx_word' id='word_1_67' title='bbox 431 954 572 1005; x_wconf 79' lang='lat' dir='ltr'>externam</span> <span class='ocrx_word' id='word_1_68' title='bbox 587 967 645 1004; x_wconf 91' lang='lat' dir='ltr'>non</span> <span class='ocrx_word' id='word_1_69' title='bbox 662 949 771 1019; x_wconf 78' lang='lat' dir='ltr'>evertit,</span> <span class='ocrx_word' id='word_1_70' title='bbox 788 950 840 1006; x_wconf 85' lang='lat' dir='ltr'>sed</span> <span class='ocrx_word' id='word_1_71' title='bbox 850 958 986 1021; x_wconf 70' lang='lat' dir='ltr'>praesuppt</span> <span class='ocrx_word' id='word_1_72' title='bbox 1027 931 1032 1057; x_wconf 57' lang='grc' dir='ltr'><strong>ἰ</strong></span> 
     </span>
     <span class='ocr_line' id='line_1_10' title="bbox 105 1018 989 1089; baseline 0 -16"><span class='ocrx_word' id='word_1_73' title='bbox 105 1019 156 1074; x_wconf 87' lang='lat' dir='ltr'>nit</span> <span class='ocrx_word' id='word_1_74' title='bbox 193 1026 218 1075; x_wconf 83' lang='lat'>4.</span> <span class='ocrx_word' id='word_1_75' title='bbox 235 1018 352 1083; x_wconf 81' lang='lat' dir='ltr'>Verbis,</span> <span class='ocrx_word' id='word_1_76' title='bbox 373 1035 428 1071; x_wconf 91' lang='lat' dir='ltr'>non</span> <span class='ocrx_word' id='word_1_77' title='bbox 446 1018 557 1073; x_wconf 84' lang='lat' dir='ltr'>docebit</span> <span class='ocrx_word' id='word_1_78' title='bbox 576 1018 650 1073; x_wconf 90' lang='lat' dir='ltr'>ultra</span> <span class='ocrx_word' id='word_1_79' title='bbox 668 1018 711 1072; x_wconf 88' lang='lat' dir='ltr'>vir</span> <span class='ocrx_word' id='word_1_80' title='bbox 727 1018 892 1089; x_wconf 80' lang='lat' dir='ltr'>proximum,</span> <span class='ocrx_word' id='word_1_81' title='bbox 905 1018 989 1073; x_wconf 74' lang='lat' dir='ltr'>motu</span> 
     </span>
     <span class='ocr_line' id='line_1_11' title="bbox 104 1084 944 1159; baseline -0.002 -16"><span class='ocrx_word' id='word_1_82' title='bbox 104 1088 254 1159; x_wconf 83' lang='lat' dir='ltr'>perfectior</span> <span class='ocrx_word' id='word_1_83' title='bbox 273 1096 294 1143; x_wconf 88' lang='grc'>1.</span> <span class='ocrx_word' id='word_1_84' title='bbox 308 1087 362 1142; x_wconf 91' lang='lat' dir='ltr'>Dei</span> <span class='ocrx_word' id='word_1_85' title='bbox 380 1086 431 1141; x_wconf 91' lang='lat' dir='ltr'>sub</span> <span class='ocrx_word' id='word_1_86' title='bbox 443 1088 513 1143; x_wconf 80' lang='lat' dir='ltr'>Nor.</span> <span class='ocrx_word' id='word_1_87' title='bbox 524 1088 600 1142; x_wconf 89' lang='lat' dir='ltr'>Test.</span> <span class='ocrx_word' id='word_1_88' title='bbox 618 1087 726 1143; x_wconf 90' lang='lat' dir='ltr'>notitia.</span> <span class='ocrx_word' id='word_1_89' title='bbox 761 1092 786 1144; x_wconf 82' lang='grc'>2.</span> <span class='ocrx_word' id='word_1_90' title='bbox 806 1084 944 1159; x_wconf 77' lang='lat' dir='ltr'>Evangelii</span> 
     </span>
     <span class='ocr_line' id='line_1_12' title="bbox 103 1155 894 1228; baseline -0.001 -17"><span class='ocrx_word' id='word_1_91' title='bbox 103 1162 196 1211; x_wconf 86' lang='lat' dir='ltr'>totum</span> <span class='ocrx_word' id='word_1_92' title='bbox 224 1156 317 1211; x_wconf 89' lang='lat' dir='ltr'>orbem</span> <span class='ocrx_word' id='word_1_93' title='bbox 343 1156 521 1225; x_wconf 90' lang='lat' dir='ltr'>praedicatio.</span> <span class='ocrx_word' id='word_1_94' title='bbox 557 1157 609 1210; x_wconf 90' lang='lat' dir='ltr'>Est</span> <span class='ocrx_word' id='word_1_95' title='bbox 633 1156 721 1227; x_wconf 81' lang='lat' dir='ltr'>igitur</span> <span class='ocrx_word' id='word_1_96' title='bbox 745 1156 776 1210; x_wconf 92' lang='lat' dir='ltr'>in</span> <span class='ocrx_word' id='word_1_97' title='bbox 799 1155 894 1228; x_wconf 85' lang='lat' dir='ltr'>sophis</span> 
     </span>
    </p>

    <p class='ocr_par' dir='ltr' id='par_1_4' title="bbox 103 1224 905 1296">
     <span class='ocr_line' id='line_1_13' title="bbox 103 1224 905 1296; baseline 0 -16"><span class='ocrx_word' id='word_1_98' title='bbox 103 1225 149 1280; x_wconf 89' lang='lat' dir='ltr'>bis</span> <span class='ocrx_word' id='word_1_99' title='bbox 166 1224 271 1283; x_wconf 87' lang='lat' dir='ltr'>elench.</span> <span class='ocrx_word' id='word_1_100' title='bbox 291 1225 409 1296; x_wconf 82' lang='lat' dir='ltr'>opposit</span> <span class='ocrx_word' id='word_1_101' title='bbox 427 1241 491 1279; x_wconf 89' lang='lat' dir='ltr'>cum</span> <span class='ocrx_word' id='word_1_102' title='bbox 508 1230 685 1296; x_wconf 85' lang='lat' dir='ltr'>opponantur</span> <span class='ocrx_word' id='word_1_103' title='bbox 703 1224 905 1292; x_wconf 72' lang='lat' dir='ltr'>subordinate)</span> 
     </span>
    </p>
   </div>
   <div class='ocr_carea' id='block_1_3' title="bbox 300 1427 825 1496">
    <p class='ocr_par' dir='ltr' id='par_1_5' title="bbox 300 1427 825 1496">
     <span class='ocr_line' id='line_1_14' title="bbox 300 1427 825 1496; baseline 0.006 -3"><span class='ocrx_word' id='word_1_104' title='bbox 300 1430 354 1496; x_wconf 92' lang='lat' dir='ltr'>II.</span> <span class='ocrx_word' id='word_1_105' title='bbox 397 1429 474 1493; x_wconf 83' lang='lat' dir='ltr'>DE</span> <span class='ocrx_word' id='word_1_106' title='bbox 512 1427 825 1496; x_wconf 83' lang='lat' dir='ltr'><strong>ECOLESIA.</strong></span> 
     </span>
    </p>
   </div>
   <div class='ocr_carea' id='block_1_4' title="bbox 109 1582 997 1684">
    <p class='ocr_par' dir='ltr' id='par_1_6' title="bbox 109 1582 997 1684">
     <span class='ocr_line' id='line_1_15' title="bbox 109 1582 997 1684; baseline -0.006 -18"><span class='ocrx_word' id='word_1_107' title='bbox 109 1602 138 1667; x_wconf 91' lang='grc'>1.</span> <span class='ocrx_word' id='word_1_108' title='bbox 177 1600 292 1680; x_wconf 79' lang='lat' dir='ltr'>Quibus</span> <span class='ocrx_word' id='word_1_109' title='bbox 313 1602 411 1665; x_wconf 79' lang='lat' dir='ltr'>verbis</span> <span class='ocrx_word' id='word_1_110' title='bbox 432 1600 582 1665; x_wconf 80' lang='lat' dir='ltr'>articulus</span> <span class='ocrx_word' id='word_1_111' title='bbox 603 1598 794 1671; x_wconf 75' lang='lat' dir='ltr'>deecclesia</span> <span class='ocrx_word' id='word_1_112' title='bbox 807 1582 997 1684; x_wconf 66' lang='lat' dir='ltr'>proponitur²</span> 
     </span>
    </p>
   </div>
   <div class='ocr_carea' id='block_1_5' title="bbox 106 1730 1008 2076">
    <p class='ocr_par' dir='ltr' id='par_1_7' title="bbox 106 1730 1008 2076">
     <span class='ocr_line' id='line_1_16' title="bbox 191 1730 1002 1820; baseline 0 -21"><span class='ocrx_word' id='word_1_113' title='bbox 191 1734 231 1799; x_wconf 94' lang='lat' dir='ltr'>In</span> <span class='ocrx_word' id='word_1_114' title='bbox 257 1733 405 1820; x_wconf 88' lang='lat' dir='ltr'>symbolo</span> <span class='ocrx_word' id='word_1_115' title='bbox 434 1731 610 1820; x_wconf 86' lang='lat' dir='ltr'>apostolico</span> <span class='ocrx_word' id='word_1_116' title='bbox 640 1733 704 1798; x_wconf 85' lang='lat' dir='ltr'>his:</span> <span class='ocrx_word' id='word_1_117' title='bbox 734 1734 831 1799; x_wconf 89' lang='lat' dir='ltr'>credo</span> <span class='ocrx_word' id='word_1_118' title='bbox 854 1730 1002 1799; x_wconf 67' lang='lat' dir='ltr'>ecelesias</span> 
     </span>
     <span class='ocr_line' id='line_1_17' title="bbox 106 1808 1005 1902; baseline -0.002 -17"><span class='ocrx_word' id='word_1_119' title='bbox 106 1832 249 1885; x_wconf 86' lang='lat' dir='ltr'>sanctam</span> <span class='ocrx_word' id='word_1_120' title='bbox 270 1818 467 1902; x_wconf 84' lang='lat' dir='ltr'>catholicam,</span> <span class='ocrx_word' id='word_1_121' title='bbox 489 1831 672 1883; x_wconf 89' lang='lat' dir='ltr'>sanctorum</span> <span class='ocrx_word' id='word_1_122' title='bbox 692 1808 1005 1895; x_wconf 70' lang='lat' dir='ltr'>communionemin</span> 
     </span>
     <span class='ocr_line' id='line_1_18' title="bbox 107 1903 1008 1991; baseline -0.006 -21"><span class='ocrx_word' id='word_1_123' title='bbox 107 1929 123 1970; x_wconf 92' lang='lat' dir='ltr'>s</span> <span class='ocrx_word' id='word_1_124' title='bbox 147 1905 254 1969; x_wconf 92' lang='lat' dir='ltr'>mbolo</span> <span class='ocrx_word' id='word_1_125' title='bbox 277 1903 401 1968; x_wconf 86' lang='lat' dir='ltr'>Niceno</span> <span class='ocrx_word' id='word_1_126' title='bbox 429 1903 515 1968; x_wconf 82' lang='lat' dir='ltr'>istis:</span> <span class='ocrx_word' id='word_1_127' title='bbox 545 1906 641 1969; x_wconf 90' lang='lat' dir='ltr'>credo</span> <span class='ocrx_word' id='word_1_128' title='bbox 662 1928 761 1968; x_wconf 91' lang='lat' dir='ltr'>unam</span> <span class='ocrx_word' id='word_1_129' title='bbox 781 1918 937 1991; x_wconf 84' lang='lat' dir='ltr'>sanctam,</span> <span class='ocrx_word' id='word_1_130' title='bbox 960 1914 1008 1965; x_wconf 69' lang='lat' dir='ltr'>cv</span> 
     </span>
     <span class='ocr_line' id='line_1_19' title="bbox 107 1930 738 2076; baseline -0.005 -21"><span class='ocrx_word' id='word_1_131' title='bbox 107 1930 259 2055; x_wconf 58' lang='lat' dir='ltr'>tbolicam</span> <span class='ocrx_word' id='word_1_132' title='bbox 280 2001 312 2053; x_wconf 89' lang='lat' dir='ltr'>et</span> <span class='ocrx_word' id='word_1_133' title='bbox 332 1989 540 2076; x_wconf 85' lang='lat' dir='ltr'>apostolicam</span> <span class='ocrx_word' id='word_1_134' title='bbox 562 1989 738 2055; x_wconf 88' lang='lat' dir='ltr'>ecelesiam.</span> 
     </span>
    </p>
   </div>
   <div class='ocr_carea' id='block_1_6' title="bbox 199 2158 930 2227">
    <p class='ocr_par' dir='ltr' id='par_1_8' title="bbox 199 2158 930 2227">
     <span class='ocr_line' id='line_1_20' title="bbox 199 2158 930 2227; baseline -0.001 -5"><span class='ocrx_word' id='word_1_135' title='bbox 199 2160 228 2225; x_wconf 79' lang='lat'>2.</span> <span class='ocrx_word' id='word_1_136' title='bbox 269 2159 335 2227; x_wconf 80' lang='lat' dir='ltr'>Cur</span> <span class='ocrx_word' id='word_1_137' title='bbox 356 2162 452 2223; x_wconf 70' lang='lat' dir='ltr'>dbia:</span> <span class='ocrx_word' id='word_1_138' title='bbox 472 2159 568 2223; x_wconf 89' lang='lat' dir='ltr'>credo</span> <span class='ocrx_word' id='word_1_139' title='bbox 591 2160 747 2223; x_wconf 82' lang='lat' dir='ltr'>ecclesiam</span> <span class='ocrx_word' id='word_1_140' title='bbox 768 2158 930 2223; x_wconf 69' lang='lat' dir='ltr'>soractem?</span> 
     </span>
    </p>
   </div>
   <div class='ocr_carea' id='block_1_7' title="bbox 107 2254 1024 2677">
    <p class='ocr_par' dir='ltr' id='par_1_9' title="bbox 107 2254 1024 2677">
     <span class='ocr_line' id='line_1_21' title="bbox 195 2254 1021 2356; baseline 0 -17"><span class='ocrx_word' id='word_1_141' title='bbox 195 2274 282 2356; x_wconf 82' lang='lat' dir='ltr'>Quia</span> <span class='ocrx_word' id='word_1_142' title='bbox 305 2274 438 2341; x_wconf 88' lang='lat' dir='ltr'>firmiter</span> <span class='ocrx_word' id='word_1_143' title='bbox 459 2286 583 2354; x_wconf 84' lang='lat' dir='ltr'>statuo,</span> <span class='ocrx_word' id='word_1_144' title='bbox 604 2276 714 2340; x_wconf 91' lang='lat' dir='ltr'>Deum</span> <span class='ocrx_word' id='word_1_145' title='bbox 734 2275 910 2341; x_wconf 87' lang='lat' dir='ltr'>ministerio</span> <span class='ocrx_word' id='word_1_146' title='bbox 931 2254 1021 2339; x_wconf 78' lang='lat' dir='ltr'>verbi</span> 
     </span>
     <span class='ocr_line' id='line_1_22' title="bbox 107 2360 1022 2447; baseline -0.003 -21"><span class='ocrx_word' id='word_1_147' title='bbox 107 2370 141 2426; x_wconf 88' lang='lat' dir='ltr'>et</span> <span class='ocrx_word' id='word_1_148' title='bbox 162 2372 432 2425; x_wconf 85' lang='lat' dir='ltr'>sacramentorum</span> <span class='ocrx_word' id='word_1_149' title='bbox 453 2362 516 2425; x_wconf 90' lang='lat' dir='ltr'>sibi</span> <span class='ocrx_word' id='word_1_150' title='bbox 537 2384 663 2447; x_wconf 81' lang='lat' dir='ltr'>semper</span> <span class='ocrx_word' id='word_1_151' title='bbox 689 2360 724 2423; x_wconf 92' lang='lat' dir='ltr'>in</span> <span class='ocrx_word' id='word_1_152' title='bbox 743 2361 806 2426; x_wconf 90' lang='lat' dir='ltr'>hoc</span> <span class='ocrx_word' id='word_1_153' title='bbox 826 2361 946 2426; x_wconf 92' lang='lat' dir='ltr'>mundo</span> <span class='ocrx_word' id='word_1_154' title='bbox 964 2368 1022 2423; x_wconf 71' lang='lat' dir='ltr'>cv*</span> 
     </span>
     <span class='ocr_line' id='line_1_23' title="bbox 109 2444 1023 2532; baseline -0.001 -22"><span class='ocrx_word' id='word_1_155' title='bbox 109 2446 238 2510; x_wconf 91' lang='lat' dir='ltr'>clesiam</span> <span class='ocrx_word' id='word_1_156' title='bbox 272 2445 440 2532; x_wconf 86' lang='lat' dir='ltr'>colligere,</span> <span class='ocrx_word' id='word_1_157' title='bbox 476 2449 676 2530; x_wconf 89' lang='lat' dir='ltr'>eandemque</span> <span class='ocrx_word' id='word_1_158' title='bbox 710 2468 813 2529; x_wconf 89' lang='lat' dir='ltr'>usque</span> <span class='ocrx_word' id='word_1_159' title='bbox 851 2447 893 2511; x_wconf 88' lang='lat' dir='ltr'>ad</span> <span class='ocrx_word' id='word_1_160' title='bbox 924 2444 1023 2509; x_wconf 72' lang='lat' dir='ltr'>linem</span> 
     </span>
     <span class='ocr_line' id='line_1_24' title="bbox 108 2520 1024 2677; baseline -0.002 -80"><span class='ocrx_word' id='word_1_161' title='bbox 108 2531 221 2597; x_wconf 89' lang='lat' dir='ltr'>mundi</span> <span class='ocrx_word' id='word_1_162' title='bbox 242 2553 429 2597; x_wconf 84' lang='lat' dir='ltr'>conservare</span> <span class='ocrx_word' id='word_1_163' title='bbox 450 2533 549 2610; x_wconf 87' lang='lat' dir='ltr'>velle,</span> <span class='ocrx_word' id='word_1_164' title='bbox 576 2534 653 2597; x_wconf 76' lang='lat' dir='ltr'>Era.</span> <span class='ocrx_word' id='word_1_165' title='bbox 675 2531 727 2607; x_wconf 83' lang='lat'>55,</span> <span class='ocrx_word' id='word_1_166' title='bbox 753 2531 801 2596; x_wconf 85' lang='lat'>10.</span> <span class='ocrx_word' id='word_1_167' title='bbox 823 2542 856 2595; x_wconf 85' lang='lat' dir='ltr'>et</span> <span class='ocrx_word' id='word_1_168' title='bbox 877 2552 964 2677; x_wconf 59' lang='grc' dir='ltr'>8εηῖἱ</span> <span class='ocrx_word' id='word_1_169' title='bbox 982 2520 1024 2587; x_wconf 56' lang='grc' dir='ltr'>ὃ*</span> 
     </span>
    </p>
   </div>
   <div class='ocr_carea' id='block_1_8' title="bbox 109 2616 972 2702">
    <p class='ocr_par' dir='ltr' id='par_1_10' title="bbox 109 2616 972 2702">
     <span class='ocr_line' id='line_1_25' title="bbox 109 2616 972 2702; baseline -0.009 -18"><span class='ocrx_word' id='word_1_170' title='bbox 109 2618 161 2701; x_wconf 81' lang='lat'>59,</span> <span class='ocrx_word' id='word_1_171' title='bbox 184 2618 243 2693; x_wconf 79' lang='lat'>213</span> <span class='ocrx_word' id='word_1_172' title='bbox 267 2620 378 2684; x_wconf 69' lang='lat' dir='ltr'>Masso.</span> <span class='ocrx_word' id='word_1_173' title='bbox 402 2618 453 2702; x_wconf 84' lang='lat'>16,</span> <span class='ocrx_word' id='word_1_174' title='bbox 479 2618 526 2682; x_wconf 77' lang='lat' dir='ltr'>is.</span> <span class='ocrx_word' id='word_1_175' title='bbox 549 2628 581 2681; x_wconf 78' lang='lat' dir='ltr'>a</span> <span class='ocrx_word' id='word_1_176' title='bbox 601 2617 653 2693; x_wconf 79' lang='lat' dir='ltr'>aa,</span> <span class='ocrx_word' id='word_1_177' title='bbox 677 2616 734 2691; x_wconf 82' lang='lat' dir='ltr'>1o;</span> <span class='ocrx_word' id='word_1_178' title='bbox 755 2616 829 2681; x_wconf 77' lang='lat' dir='ltr'>Jol.</span> <span class='ocrx_word' id='word_1_179' title='bbox 855 2616 972 2699; x_wconf 88' lang='lat'>10,1.</span> 
     </span>
    </p>
   </div>
   <div class='ocr_carea' id='block_1_9' title="bbox 107 2726 1029 3355">
    <p class='ocr_par' dir='ltr' id='par_1_11' title="bbox 107 2726 1029 3355">
     <span class='ocr_line' id='line_1_26' title="bbox 180 2726 1027 2804; baseline -0.006 -15"><span class='ocrx_word' id='word_1_180' title='bbox 180 2735 293 2804; x_wconf 80' lang='lat' dir='ltr'>(Credo</span> <span class='ocrx_word' id='word_1_181' title='bbox 310 2736 466 2795; x_wconf 80' lang='lat' dir='ltr'>eeclesiam,</span> <span class='ocrx_word' id='word_1_182' title='bbox 483 2733 589 2788; x_wconf 88' lang='lat' dir='ltr'>seilicet</span> <span class='ocrx_word' id='word_1_183' title='bbox 605 2732 692 2787; x_wconf 88' lang='lat' dir='ltr'>fuisse</span> <span class='ocrx_word' id='word_1_184' title='bbox 712 2740 741 2787; x_wconf 88' lang='lat' dir='ltr'>et</span> <span class='ocrx_word' id='word_1_185' title='bbox 758 2748 818 2787; x_wconf 88' lang='lat' dir='ltr'>esse</span> <span class='ocrx_word' id='word_1_186' title='bbox 834 2737 865 2786; x_wconf 89' lang='lat' dir='ltr'>et</span> <span class='ocrx_word' id='word_1_187' title='bbox 884 2731 922 2786; x_wconf 87' lang='lat' dir='ltr'>ad</span> <span class='ocrx_word' id='word_1_188' title='bbox 938 2726 1027 2784; x_wconf 69' lang='lat' dir='ltr'><em>w</em></span> 
     </span>
     <span class='ocr_line' id='line_1_27' title="bbox 109 2788 1027 2871; baseline -0.007 -14"><span class='ocrx_word' id='word_1_189' title='bbox 109 2803 206 2857; x_wconf 86' lang='lat' dir='ltr'>mundi</span> <span class='ocrx_word' id='word_1_190' title='bbox 222 2803 290 2870; x_wconf 83' lang='lat' dir='ltr'>fore,</span> <span class='ocrx_word' id='word_1_191' title='bbox 311 2810 340 2857; x_wconf 88' lang='lat' dir='ltr'>et</span> <span class='ocrx_word' id='word_1_192' title='bbox 356 2821 401 2859; x_wconf 90' lang='lat' dir='ltr'>me</span> <span class='ocrx_word' id='word_1_193' title='bbox 416 2804 510 2856; x_wconf 82' lang='lat' dir='ltr'>vivum</span> <span class='ocrx_word' id='word_1_194' title='bbox 523 2803 584 2871; x_wconf 87' lang='lat' dir='ltr'>ejus</span> <span class='ocrx_word' id='word_1_195' title='bbox 595 2802 748 2856; x_wconf 89' lang='lat' dir='ltr'>membrum</span> <span class='ocrx_word' id='word_1_196' title='bbox 760 2816 827 2856; x_wconf 85' lang='lat' dir='ltr'>esse</span> <span class='ocrx_word' id='word_1_197' title='bbox 860 2800 923 2856; x_wconf 83' lang='lat' dir='ltr'>Non</span> <span class='ocrx_word' id='word_1_198' title='bbox 933 2788 1027 2853; x_wconf 67' lang='lat' dir='ltr'>orffl</span> 
     </span>
     <span class='ocr_line' id='line_1_28' title="bbox 107 2844 1027 2943; baseline -0.003 -18"><span class='ocrx_word' id='word_1_199' title='bbox 107 2873 138 2925; x_wconf 80' lang='lat' dir='ltr'>in</span> <span class='ocrx_word' id='word_1_200' title='bbox 158 2872 319 2935; x_wconf 81' lang='lat' dir='ltr'>ecclesium,</span> <span class='ocrx_word' id='word_1_201' title='bbox 345 2872 411 2943; x_wconf 90' lang='lat' dir='ltr'>quia</span> <span class='ocrx_word' id='word_1_202' title='bbox 434 2870 537 2924; x_wconf 85' lang='lat' dir='ltr'>fiducia</span> <span class='ocrx_word' id='word_1_203' title='bbox 560 2872 651 2925; x_wconf 87' lang='lat' dir='ltr'>cordis</span> <span class='ocrx_word' id='word_1_204' title='bbox 669 2887 724 2923; x_wconf 92' lang='lat' dir='ltr'>non</span> <span class='ocrx_word' id='word_1_205' title='bbox 741 2869 770 2922; x_wconf 92' lang='lat' dir='ltr'>in</span> <span class='ocrx_word' id='word_1_206' title='bbox 788 2868 947 2932; x_wconf 87' lang='lat' dir='ltr'>ecclesiam,</span> <span class='ocrx_word' id='word_1_207' title='bbox 967 2844 1027 2933; x_wconf 67' lang='lat'>¹⁶¹¹</span> 
     </span>
     <span class='ocr_line' id='line_1_29' title="bbox 107 2936 1027 3010; baseline -0.009 -15"><span class='ocrx_word' id='word_1_208' title='bbox 107 2942 138 2995; x_wconf 91' lang='lat' dir='ltr'>in</span> <span class='ocrx_word' id='word_1_209' title='bbox 155 2940 243 2995; x_wconf 88' lang='lat' dir='ltr'>solum</span> <span class='ocrx_word' id='word_1_210' title='bbox 261 2941 353 2995; x_wconf 90' lang='lat' dir='ltr'>Deum</span> <span class='ocrx_word' id='word_1_211' title='bbox 371 2940 525 3010; x_wconf 82' lang='lat' dir='ltr'>dirigenda.</span> <span class='ocrx_word' id='word_1_212' title='bbox 558 2942 668 2993; x_wconf 75' lang='lat' dir='ltr'>Errant</span> <span class='ocrx_word' id='word_1_213' title='bbox 687 2938 733 2992; x_wconf 90' lang='lat' dir='ltr'>hie</span> <span class='ocrx_word' id='word_1_214' title='bbox 752 2937 863 3008; x_wconf 85' lang='lat' dir='ltr'>profani</span> <span class='ocrx_word' id='word_1_215' title='bbox 875 2936 1027 3006; x_wconf 65' lang='lat' dir='ltr'>Epama-</span> 
     </span>
     <span class='ocr_line' id='line_1_30' title="bbox 108 2998 1027 3080; baseline -0.005 -17"><span class='ocrx_word' id='word_1_216' title='bbox 108 3009 160 3080; x_wconf 87' lang='lat' dir='ltr'>qui</span> <span class='ocrx_word' id='word_1_217' title='bbox 178 3016 269 3063; x_wconf 88' lang='lat' dir='ltr'>totum</span> <span class='ocrx_word' id='word_1_218' title='bbox 285 3009 417 3063; x_wconf 89' lang='lat' dir='ltr'>mundum</span> <span class='ocrx_word' id='word_1_219' title='bbox 438 3006 584 3062; x_wconf 89' lang='lat' dir='ltr'>eeclesiam</span> <span class='ocrx_word' id='word_1_220' title='bbox 602 3024 663 3062; x_wconf 89' lang='lat' dir='ltr'>esse</span> <span class='ocrx_word' id='word_1_221' title='bbox 681 3012 865 3074; x_wconf 85' lang='lat' dir='ltr'>autumantes,</span> <span class='ocrx_word' id='word_1_222' title='bbox 883 2998 1027 3075; x_wconf 61' lang='lat' dir='ltr'>quemqffl</span> 
     </span>
     <span class='ocr_line' id='line_1_31' title="bbox 108 3072 1029 3147; baseline 0.001 -15"><span class='ocrx_word' id='word_1_223' title='bbox 108 3077 139 3132; x_wconf 92' lang='lat' dir='ltr'>in</span> <span class='ocrx_word' id='word_1_224' title='bbox 157 3094 208 3131; x_wconf 86' lang='lat' dir='ltr'>sua</span> <span class='ocrx_word' id='word_1_225' title='bbox 225 3084 254 3132; x_wconf 87' lang='lat' dir='ltr'>et</span> <span class='ocrx_word' id='word_1_226' title='bbox 272 3077 328 3133; x_wconf 89' lang='lat' dir='ltr'>fide</span> <span class='ocrx_word' id='word_1_227' title='bbox 347 3083 375 3132; x_wconf 89' lang='lat' dir='ltr'>et</span> <span class='ocrx_word' id='word_1_228' title='bbox 392 3076 525 3147; x_wconf 79' lang='lat' dir='ltr'>religione</span> <span class='ocrx_word' id='word_1_229' title='bbox 544 3076 646 3129; x_wconf 86' lang='lat' dir='ltr'>salvari</span> <span class='ocrx_word' id='word_1_230' title='bbox 663 3091 745 3145; x_wconf 89' lang='lat' dir='ltr'>posse</span> <span class='ocrx_word' id='word_1_231' title='bbox 757 3075 842 3144; x_wconf 92' lang='lat' dir='ltr'>impie</span> <span class='ocrx_word' id='word_1_232' title='bbox 860 3072 1029 3133; x_wconf 67' lang='lat' dir='ltr'>cannfl&#39;.</span> 
     </span>
     <span class='ocr_line' id='line_1_32' title="bbox 107 3136 1028 3214; baseline -0.008 -14"><span class='ocrx_word' id='word_1_233' title='bbox 107 3146 183 3200; x_wconf 88' lang='lat' dir='ltr'>cisco</span> <span class='ocrx_word' id='word_1_234' title='bbox 200 3147 304 3203; x_wconf 87' lang='lat' dir='ltr'>Puceio</span> <span class='ocrx_word' id='word_1_235' title='bbox 325 3147 450 3201; x_wconf 88' lang='lat' dir='ltr'>delirant.</span> <span class='ocrx_word' id='word_1_236' title='bbox 485 3145 552 3201; x_wconf 87' lang='lat' dir='ltr'>Vid.</span> <span class='ocrx_word' id='word_1_237' title='bbox 567 3144 647 3200; x_wconf 84' lang='lat' dir='ltr'>refut.</span> <span class='ocrx_word' id='word_1_238' title='bbox 660 3144 754 3214; x_wconf 85' lang='lat' dir='ltr'>script.</span> <span class='ocrx_word' id='word_1_239' title='bbox 768 3150 858 3198; x_wconf 81' lang='lat' dir='ltr'>satan.</span> <span class='ocrx_word' id='word_1_240' title='bbox 872 3136 1028 3199; x_wconf 64' lang='lat' dir='ltr'>stosoiffl</span> 
     </span>
     <span class='ocr_line' id='line_1_33' title="bbox 109 3200 1026 3351; baseline -0.004 -82"><span class='ocrx_word' id='word_1_241' title='bbox 109 3216 214 3269; x_wconf 78' lang='lat' dir='ltr'>Paccii</span> <span class='ocrx_word' id='word_1_242' title='bbox 234 3222 393 3351; x_wconf 70' lang='lat' dir='ltr'>aun.)159·l.</span> <span class='ocrx_word' id='word_1_243' title='bbox 416 3213 548 3286; x_wconf 76' lang='lat' dir='ltr'>evulgati,</span> <span class='ocrx_word' id='word_1_244' title='bbox 572 3213 676 3268; x_wconf 90' lang='lat' dir='ltr'>editam</span> <span class='ocrx_word' id='word_1_245' title='bbox 700 3230 717 3267; x_wconf 90' lang='lat' dir='ltr'>a</span> <span class='ocrx_word' id='word_1_246' title='bbox 739 3215 779 3270; x_wconf 90' lang='lat' dir='ltr'>D.</span> <span class='ocrx_word' id='word_1_247' title='bbox 798 3214 866 3267; x_wconf 77' lang='lat' dir='ltr'>Lao.</span> <span class='ocrx_word' id='word_1_248' title='bbox 886 3200 1026 3266; x_wconf 66' lang='grc' dir='ltr'>ΟΜ·</span> 
     </span>
     <span class='ocr_line' id='line_1_34' title="bbox 107 3289 307 3355; baseline -0.005 -15"><span class='ocrx_word' id='word_1_249' title='bbox 107 3302 138 3355; x_wconf 85' lang='lat' dir='ltr'>p.</span> <span class='ocrx_word' id='word_1_250' title='bbox 155 3289 179 3340; x_wconf 77' lang='grc'>9.</span> <span class='ocrx_word' id='word_1_251' title='bbox 203 3290 234 3340; x_wconf 86' lang='grc'>10</span> <span class='ocrx_word' id='word_1_252' title='bbox 250 3301 307 3354; x_wconf 87' lang='lat' dir='ltr'>seq.</span> 
     </span>
    </p>
   </div>
   <div class='ocr_carea' id='block_1_10' title="bbox 0 0 1136 3772">
    <p class='ocr_par' dir='ltr' id='par_1_12' title="bbox 0 0 1136 3772">
     <span class='ocr_line' id='line_1_35' title="bbox 0 0 1136 3772; baseline 0 0"><span class='ocrx_word' id='word_1_253' title='bbox 0 0 1136 3772; x_wconf 95' lang='lat' dir='ltr'> </span> 
     </span>
    </p>
   </div>
  </div>
 </body>
</html>
