2250 3772
239 268 292 335 De
315 266 500 335 adoratione
520 268 555 335 in
579 292 704 356 genere.
871 272 940 338 447·

72 422 243 521 proquam,
270 412 340 496 sira.
366 457 395 510 p.
414 444 464 521 47³
482 456 540 522 seq.
581 438 625 496 sn
649 437 722 494 enim
746 438 799 509 rsa
825 439 935 495 interim

72 503 207 582 ¹rhrlonmus
229 512 338 564 interna
361 508 452 563 cordrs
472 507 553 564 flexio
576 525 627 579 per
654 514 795 562 externam
812 507 935 579 genufle-

72 589 144 713 iffi
159 576 297 715 giiii&
320 583 349 633 et
366 577 436 631 solet
454 586 482 633 et
500 577 596 646 debet,
626 577 681 632 vid.
700 581 726 631 2.
745 579 817 633 Par.
836 581 862 645 6,
878 580 934 649 133,-

72 794 96 869 2.
109 776 248 867 'Rectene
260 804 319 888 fit,
342 802 371 864 oi
383 803 505 886 quoodo
522 802 565 864 ad
580 823 688 864 nornen
701 802 780 867 Jesu
793 797 934 871 detracto

202 960 206 965 Ι
294 885 380 971 pileo
399 898 490 971 caput
514 885 671 969 aperitur?

123 1002 236 1081 Quidni
255 1004 356 1068 recte?
392 1004 454 1068 Est
482 1004 567 1067 enim
596 1014 725 1068 externa
746 1003 935 1080 ceremonia,

72 1104 104 1149 ua
122 1087 300 1153 interiorem
320 1089 522 1153 devotionem
551 1099 583 1152 et
603 1089 811 1153 reverentiam
830 1088 935 1153 cordis

72 1188 114 1254 rga
129 1173 232 1258 ipsum
252 1174 441 1238 salvatorem
460 1185 604 1238 nostrum
619 1173 791 1251 Christum,
812 1173 864 1237 cui
886 1196 937 1237 sa·

72 1270 230 1401 ¹rosauctum
257 1259 317 1323 hoc
343 1281 460 1323 nornen
479 1258 643 1345 competit,
669 1258 740 1344 ipso
760 1281 857 1345 opere
880 1259 935 1323 de·

78 1360 195 1411 mamus.

107 1460 228 1528 (arram
245 1460 420 1526 Calvinioni,
444 1462 491 1532 qui
517 1467 545 1515 et
563 1461 634 1517 hanc
651 1462 833 1516 ceremoniam
850 1461 936 1516 veluti
987 1521 988 1524 ,

72 1530 247 1595 {perstitiosam
278 1529 533 1584 etidololatricam
561 1530 737 1600 supercilioso
762 1530 849 1599 fastu,
879 1548 935 1584 non

72 1600 223 1654 mmaximo
240 1597 408 1651 infirmorum
426 1599 572 1664 scandalo,
597 1600 657 1653 sinc
673 1600 779 1655 ratione
797 1600 935 1669 probabili

72 1676 172 1735 mant
202 1667 268 1723 vic
286 1666 628 1735 AusfuhrlicherBericht,
644 1685 701 1721 was
720 1668 766 1723 die
781 1668 935 1724 reformirtc

72 1728 153 1790 hohen
168 1743 220 1791 cto.
239 1752 263 1790 c.
288 1741 325 1789 lo.
340 1751 409 1817 pag.
432 1742 490 1791 473.
522 1736 633 1792 Scilicet
650 1737 678 1790 in
695 1735 762 1791 ficta
777 1738 934 1807 sanctitate,

72 1805 205 1927 ffiglenss
218 1804 364 1937 pravitatrg
382 1808 432 1872 est,
450 1804 932 1939 firrtgrgrt‚nefabsc.)Ammoa.incant.

84 1910 91 1923 .
137 1916 143 1928 .
206 1889 343 1928 emensar
383 1890 481 1927 nones
542 1890 662 1929 ense.

72 2018 107 2092 38.
137 2028 226 2092 Num
247 2041 274 2091 et
294 2032 374 2091 inter
392 2031 584 2112 precandum
606 2026 780 2090 clerinticnis
801 2028 916 2090 licitum

110 2128 114 2135 '
236 2124 280 2176 est
299 2113 441 2176 adbibere
462 2112 590 2198 signum
611 2111 733 2175 crucis?

116 2228 259 2314 Antiqua
279 2230 398 2295 factum
419 2230 499 2295 illud
521 2230 672 2295 ecclesiae
705 2228 934 2294 consuetudine

87 2308 123 2378 In
140 2315 326 2379 memoriam
346 2316 448 2381 crucis
470 2328 501 2380 et
515 2315 671 2401 passionis
688 2314 816 2381 Christi.
852 2314 936 2379 2111

72 2396 244 2465 stimonium
276 2401 349 2466 fidei
379 2423 455 2466 suae
486 2402 520 2465 in
549 2400 713 2466 Christum
742 2399 935 2466 crucifixum.

72 2498 107 2548 oc
135 2486 234 2572 igitur
264 2485 327 2550 fine
356 2487 529 2551 etiamnum
557 2487 726 2550 observare
755 2487 934 2553 christianis

72 2583 165 2635 terum
186 2582 243 2635 est
286 2570 383 2635 Absit
404 2583 511 2635 autem
532 2571 731 2656 superstitio,
757 2594 797 2636 ne
821 2571 935 2636 effecta

72 2645 128 2719 lius
147 2655 257 2720 mortis
281 2654 401 2720 Christi
428 2655 558 2743 propria
590 2655 761 2741 signationi
788 2655 861 2720 huic
879 2679 935 2721 ex-

72 2755 138 2804 mae
158 2740 345 2807 tribuantur.
619 2784 622 2788 -

100 2857 227 2926 (Euam
241 2857 251 2912 i
274 2858 329 2912 'tur
340 2859 490 2928 pontificii,

72 2937 105 2981 os
118 2925 208 2983 factae
227 2875 404 2982 dehineationi
430 2877 581 2998 singuiaria
599 2927 809 2982 consecrationis
826 2932 854 2981 et
872 2943 933 2979 san-

72 2986 201 3051 tutionis
220 2995 321 3050 effecta
329 2996 518 3067 superstitiose
527 2997 690 3052 attribuunt.
718 2996 783 3050 vid,
796 2996 934 3051 Bellcrm.

72 3096 79 3110 ·
98 3068 120 3119 2.
135 3065 170 3120 de
186 3065 270 3136 imag,
288 3072 375 3123 sanct.
396 3082 418 3119 c.
439 3071 479 3120 29.
498 3071 526 3120 et
547 3071 626 3120 sot.
647 3071 669 3120 2.
687 3064 739 3119 col.
758 3069 807 3119 845
827 3067 898 3134 seq.)

528 2858 556 2913 ui
575 2858 703 2914 exteriori
719 2857 809 2911 crucis
826 2875 877 2927 per
893 2857 933 2910 di-
