2250 3772
125 231 190 300 560
234 178 238 185 Ι
297 228 403 315 Caput
424 230 466 297 V.
508 229 561 293 De
583 250 683 294 coena
705 229 874 296 dominica

126 421 147 456 a
172 400 269 453 nativa
295 399 442 453 verborum
469 398 675 467 aiquijicatiooe
701 416 758 452 nou
782 407 825 453 est
845 400 1013 465 recedendum,

127 472 180 524 aed
194 468 309 536 sirryula
325 468 410 521 verbu
428 475 493 520 ment
507 468 716 536 ponderando,
737 467 807 538 quia
823 467 893 522 nihil
908 466 958 522 illis
971 465 1015 520 lici·

126 546 187 594 tum
210 543 253 592 est
278 536 380 591 addere
402 535 447 589 vel
467 533 618 591 detrahere.
660 535 758 590 Galat.
780 539 816 604 3,
837 540 881 593 15.
918 537 950 592 E.
965 535 1016 590 hae

126 610 194 732 {papi
207 606 308 728 etdalia
325 604 462 741 inberbis
479 604 659 659 institutionis
678 621 783 660 coenae
802 605 848 660 vel
865 605 976 661 maxime
988 608 1017 658 rt

195 693 230 730 en
250 692 268 729 a
289 691 357 729 erun

214 794 300 875 Quia
321 794 351 858 2.
372 793 407 856 in
432 792 649 857 describendis
664 793 728 857 illis
743 805 811 858 tres
827 794 1021 881 evangelistae

127 891 161 945 et
182 879 346 966 apostolus
370 877 493 941 Paulus
515 877 556 941 ad
578 878 730 942 amussim
751 880 960 950 concordant

215 962 303 1043 Quia
326 965 356 1028 3.
378 963 475 1026 iidem
497 984 606 1027 omnes
628 963 725 1027 rimas
755 965 861 1050 tropis
884 962 1022 1051 othgarii

129 1049 311 1124 obstruunt,
332 1048 377 1110 ita
397 1059 432 1111 ut
454 1068 495 1110 ne
516 1047 648 1111 minima
662 1048 807 1134 suspicio
827 1050 916 1136 tropi
930 1050 961 1113 in
974 1070 1023 1113 ver·

128 1134 179 1198 bis
200 1133 264 1197 illis
287 1132 494 1196 animadverti
515 1132 627 1218 possit.
870 1154 873 1158 ·

216 1217 303 1299 Quia
323 1219 353 1282 4.
376 1228 541 1302 troporum
560 1217 674 1281 borum
694 1217 786 1282 nulla
807 1232 948 1304 possunt
967 1214 1025 1283 abbi

127 1316 216 1368 certa
236 1303 443 1366 fundamenta
463 1301 641 1371 monstrari.
832 1374 836 1393 .

215 1387 369 1470 Quinimo
398 1387 428 1454 5.
456 1408 608 1473 expresso
634 1386 682 1450 illi
708 1387 809 1452 verbo
840 1388 909 1453 Dei
928 1406 1023 1473 repug-

130 1482 215 1536 nant.
252 1470 346 1552 Quae
368 1471 475 1536 omnia
495 1483 527 1536 et
548 1471 676 1557 singula
696 1494 737 1535 ex
758 1472 935 1538 collatione
950 1492 1023 1537 evan·

129 1557 317 1643 gelistarum
342 1567 374 1620 et
395 1556 490 1621 Pauli
512 1557 554 1621 ad
580 1557 708 1621 oculum
731 1556 949 1622 demonstrari
967 1576 1022 1643 poe-

127 1654 212 1708 sunt.
258 1643 327 1707 Vid.
349 1644 441 1706 verba
461 1644 556 1706 instit.
578 1666 662 1726 supr.
678 1665 813 1726 propos.

199 1759 291 1823 (Ratio
320 1765 343 1815 1.
366 1758 402 1813 ab
426 1759 561 1829 adjuncta
580 1758 714 1828 qualitate
733 1765 761 1813 et
778 1759 931 1815 autoritate
947 1757 1020 1815 vebo

128 1846 191 1883 rum
209 1827 397 1884 institutionis.
430 1833 454 1884 2.
471 1827 518 1882 Ab
535 1827 667 1881 ad‘uneto
685 1844 822 1883 consensu
834 1827 1021 1901 evangelistica·

128 1915 191 1952 rum
218 1903 246 1951 et
264 1895 360 1965 Pauli,
390 1896 438 1968 qui
463 1896 530 1949 lieet
556 1847 670 1965 pbrasin
694 1896 835 1950 interdum
864 1902 1005 1953 commutes

129 1983 227 2021 sensus
245 1971 339 2019 tamen
365 1983 436 2019 unus
460 1970 488 2018 et
509 1965 583 2019 idem
608 1981 716 2034 semper
742 1970 847 2020 manet.
890 1973 913 2022 3.
931 1965 973 2021 Ab
987 1961 1020 2017 ad·

124 2035 225 2106 juncta
243 2034 369 2088 dictionis
387 2032 535 2088 eorundem
553 2033 729 2103 proprietate.
767 2039 800 2114 4.Ι
812 2035 840 2087 A
858 2040 946 2108 negat
960 2029 1021 2111 sinii·

130 2103 1019 2242 {ribbiJttmtttttt‘rtitteffffffittdti.
1064 2220 1066 2225 .

130 2240 201 2293 sima
218 2240 377 2294 testamenti
394 2238 480 2293 verba
497 2244 639 2309 troporum
651 2239 735 2293 radiis
750 2239 893 2296 illustrare
904 2241 1019 2312 satagunt

129 2307 260 2377 Intellige
278 2315 371 2363 autem
387 2315 481 2377 tropos
499 2313 528 2362 et
544 2306 657 2379 figuras,
678 2308 779 2379 quibus
792 2309 965 2364 substantiae
975 2321 1019 2362 coe

131 2393 183 2431 nae
200 2375 302 2430 veritas
319 2382 449 2447 negetur,
475 2376 551 2430 utin
568 2376 676 2431 verbis:
699 2378 789 2443 edite,
804 2378 862 2447 ⁸hcc
880 2388 922 2433 eat
938 2390 1019 2446 corpu!

128 2462 219 2499 meum
238 2453 288 2500 ete.
327 2445 355 2502 Si
384 2445 432 2516 qui
458 2451 551 2499 autem
577 2445 606 2498 in
631 2444 722 2498 verbis
751 2445 866 2516 reliquis
895 2446 1018 2508 habeatur,

129 2514 159 2569 in
187 2514 286 2649 iisde1)n
318 2514 504 2584 explicantur,
538 2519 570 2567 ut
596 2530 659 2567 cum
688 2513 822 2584 poculum
848 2516 961 2586 ponitur
982 2526 1018 2583 pro

128 2584 194 2639 vino
208 2590 259 2638 etc.
721 2624 724 2629 .

173 2737 238 2801 DE
281 2734 449 2801 FORMA
492 2733 683 2801 COENAE
715 2734 990 2804 DOMINICAE.
1064 2730 1066 2737 ’

195 2872 246 2937 38.
287 2870 445 2949 Quaenam
466 2883 510 2936 eet
524 2873 636 2955 forma
657 2894 765 2936 coenae
786 2872 975 2938 dominicae?

217 2989 337 3053 Forma
362 3011 403 3053 ss.
431 3011 548 3053 coenae
580 2988 727 3053 consistit
758 2988 792 3052 in
820 2989 893 3075 ipsa
918 2990 1021 3055 actione

130 3081 218 3137 certo
240 3073 338 3138 verbo
355 3074 419 3138 Dei
441 3074 657 3159 determinata,
678 3095 793 3158 nempe
816 3074 852 3138 in
872 3075 1023 3139 manduca·

130 3157 217 3222 tione
248 3158 341 3242 panis
373 3169 405 3222 et
432 3159 574 3246 corporis
597 3157 733 3242 Christi,
762 3168 794 3223 et
823 3159 858 3224 in
887 3160 1022 3224 bibitione
1064 3160 1066 3179 '

132 3240 197 3306 vini
213 3264 250 3306 ac
265 3242 428 3328 sanguinis
444 3243 574 3330 Christi,
592 3243 686 3326 juxta
700 3243 800 3308 verba
815 3243 1022 3311 institutionis:

21 3404 227 3520 A
