2250 3772
348 231 493 309 ,Sextum
513 240 727 318 praeceptum.
915 254 918 265 ·
940 230 1002 295 113

58 480 60 485 Ι
125 402 289 545 ΨΜ,
310 405 404 468 Proc.
417 404 446 480 7,
464 404 512 488 13,
535 412 649 467 ornatu
663 401 851 478 meretricio,
869 400 1004 465 deoscu-

159 480 221 567 ‘one,
240 491 311 555 ibid.
334 488 493 573 amplexu,
515 489 608 554 Prov.
631 487 661 571 5,
682 488 732 554 20.

175 585 235 654 (an
247 606 313 671 ergo
324 588 454 660 pertinet,
474 588 607 670 quicquid
621 588 679 643 rive
692 588 721 641 in
736 592 826 659 gestu,
846 587 903 642 sive
918 585 947 640 in
960 604 1002 640 or-

120 652 181 717 natu,
190 656 239 714 rive
250 659 279 711 in
287 675 409 727 incessu,
421 658 565 713 lasciviam
576 656 661 713 animi
669 656 714 710 vel
724 656 827 711 excitat
834 656 879 710 vel
889 656 1002 726 prodit.)

184 744 208 812 3.
230 747 377 811 Sermone
392 757 526 819 exuras,
548 756 585 807 ut
602 753 689 829 puta,
711 743 916 828 turpiloquio,
940 743 1004 808 Col.

111 816 132 900 3,
152 825 181 905 8,
198 829 349 894 sermonis
372 828 533 914 spurcitie,
554 830 669 912 pres.
691 829 722 904 4,
744 830 794 893 29,
819 840 876 892 etc.

106 1001 134 1054 po
151 928 249 1066 ,ἔξω
276 945 398 1000 namque
425 928 462 982 ad
486 928 661 983 excitandam
683 926 828 983 libidinem
849 932 914 981 sunt
932 943 1004 980 com·

135 1006 159 1047 81
187 1041 193 1055 ,

181 1089 209 1147 4.
234 1082 335 1170 Opere
350 1096 484 1159 esterno,
508 1105 622 1167 nempe
644 1081 757 1166 quovis
771 1081 893 1166 illicito,
915 1092 1006 1146 extra

104 1153 272 1260 legitimum
293 1168 495 1253 conjugium,
518 1167 642 1231 veneris
663 1189 741 1247 usu,
770 1178 805 1229 ut
825 1177 904 1251 puta
924 1167 1006 1230 mol-

104 1239 179 1345 lltje,
200 1253 420 1336 fornicatione,
442 1264 544 1339 raptu,
567 1251 733 1337 adulterio,
756 1251 889 1330 incestu,
912 1252 1007 1316 sodo-

102 1348 161 1400 ma
180 1349 236 1405 et.

163 1422 240 1493 ¹(Huc
260 1421 346 1477 etiam
363 1419 505 1491 pertinent
515 1438 571 1475 non
584 1420 673 1474 solum
684 1420 734 1490 illi,
749 1426 753 1443 '
772 1420 801 1474 ui
813 1420 881 1474 talia
891 1420 1008 1489 faciunt,

102 1485 147 1539 ⁸011
167 1491 258 1560 stiam,
278 1491 327 1562 qui
347 1489 530 1558 consentiunt,
548 1491 631 1545 Rom.
645 1496 670 1551 1,
689 1493 736 1547 32.
774 1489 812 1542 *ic
830 1490 917 1560 igitur
934 1508 1007 1546 moe-

102 1548 174 1614 thari
191 1560 334 1627 dicuntur,
360 1558 410 1629 qui
429 1558 566 1613 adulteria
585 1565 613 1612 et
630 1559 811 1613 scortationes
828 1558 940 1628 quasvis
959 1560 1005 1614 dc·
1088 1590 1093 1609 ,

102 1616 222 1693 fendunt,
233 1633 404 1700 promovent,
418 1644 473 1681 non
486 1627 657 1691 dissuadent,
668 1627 771 1695 fovent,
784 1644 839 1680 non
850 1627 1007 1696 prohibent,

102 1691 142 1746 rel
159 1698 220 1753 aliis
238 1695 455 1752 circumstantiis
473 1702 591 1766 peccato
602 1695 667 1750 huic
687 1696 777 1750 alieno
795 1697 1008 1751 communicant.

173 1768 247 1822 Vitio
268 1770 381 1845 ergoet
395 1773 518 1833 peccota
537 1765 566 1817 in
581 1765 635 1819 hoe

105 1830 121 1881 ¹·
142 1834 367 1957 eoncupiscentia
385 1839 413 1888 et
429 1833 579 1898 illecebrae
596 1764 1009 1903 coreiiiagiiiiiprihliriiiii

103 1904 214 1973 tundis,
242 1903 346 1967 assiria
364 1902 524 1964 oculorum,
547 1902 641 1956 vultus
660 1902 831 1972 procacitas,
849 1902 961 1957 habitus
980 1908 1010 1958 et

103 1979 228 2037 1llotrssus,
238 1972 377 2027 mollities.
416 1977 439 2025 3.
458 1971 649 2040 Impudentia‚
670 1970 887 2040 turpiloquium,
908 1989 1009 2026 sermo·
1119 2014 1122 2021 .

104 2032 141 2089 lit
160 2041 314 2114 spurcities,
332 2038 487 2094 cantilenae
506 2040 665 2094 amatoriae.
695 2039 759 2093 Huc
777 2038 936 2093 referuntur
953 2059 1011 2095 om-

102 2116 148 2159 lffl
171 2110 254 2166 etiarn
280 2108 442 2167 illecebrae.
467 2108 625 2164 occasiones
649 2114 678 2162 et
701 2107 883 2162 incitamenta
907 2109 943 2162 ad
960 2110 1010 2163 im·

104 2178 272 2234 mundium
302 2177 404 2241 Qualia
416 2184 482 2231 sunt
490 2176 671 2246 abundantia,
685 2177 807 2244 satietas,
820 2177 914 2243 otium,
924 2196 1012 2247 prava

102 2242 235 2317 ”dalitia
252 2247 367 2315 cubilia,
385 2246 608 2316 intemperantia.
626 2246 742 2309 luxuria,
760 2244 888 2315 ebrietas,
907 2264 1012 2303 comes-

103 2315 185 2386 ado,
211 2314 391 2386 compotatio,
407 2320 460 2372 etc.
506 2315 531 2368 E
560 2315 660 2387 quibus
687 2315 732 2369 vel
754 2315 872 2369 maxime
895 2322 1012 2385 peccata

103 2390 198 2457 eontra
219 2392 329 2440 sextum
353 2389 533 2453 praeceptum
551 2384 725 2437 irritamenta
743 2390 863 2438 sumunt.
900 2391 924 2440 4.
944 2386 1012 2441 For·

103 2455 212 2523 Flentio,
230 2453 370 2534 scortatio,
383 2457 519 2522 stuprum,
531 2452 706 2519 adulterium,
719 2451 893 2531 lenocinium,
905 2461 1013 2523 raptus,

104 2528 230 2597 moestus,
249 2522 460 2589 concubinatus,
478 2521 632 2592 pellicatus,
653 2520 784 2575 sodomia.
814 2520 893 2575 Haec
914 2522 954 2576 ita
973 2523 1013 2576 di·

106 2586 290 2663 stnguuntrn.
319 2590 452 2660 Stuprum
468 2591 579 2661 proprie
599 2597 641 2644 est
656 2589 755 2644 illicita
767 2588 906 2660 virginum
918 2590 1013 2656 (etiam

107 2656 249 2715 viduarum
276 2660 465 2725 honestarum)
493 2658 644 2713 defloratio.
686 2660 810 2713 Weseab.
836 2658 865 2711 in
891 2660 1014 2728 paratitl.

109 2718 136 2799 ff·
154 2730 189 2783 ad
203 2729 223 2786 l.
241 2728 299 2786 Jul.
319 2729 354 2783 de
372 2727 489 2783 adulter.
506 2746 533 2781 u.
555 2734 594 2782 19.
630 2727 796 2792 Fornicatio,
816 2727 955 2794 scortatio,
972 2735 1015 2784 est

111 2796 180 2851 mter
194 2797 297 2854 solutos
317 2795 480 2878 promiscue.
511 2795 588 2851 Inter
602 2797 685 2866 conju
706 2802 766 2849 atos
782 2799 825 2849 est
838 2795 1016 2861 adulterium,

116 2866 185 2927 qnod
200 2873 241 2922 est
257 2862 331 2920 tho‘rr
348 2865 507 2936 conjugalis
524 2864 646 2931 violatio,
704 2865 793 2916 ascai.
806 2862 872 2917 ibid.
885 2882 911 2916 n.
925 2871 948 2918 4.
977 2866 1014 2920 Et

119 2931 218 3048 Ἑιίἀεω
235 2934 367 3005 simplex,
391 2950 527 3004 personae
545 2934 653 2988 solutae
673 2950 736 2986 cum
754 2932 867 2986 alterius
888 2934 1015 3005 conjuge.

146 3003 286 3069 uplicstum
303 3002 431 3074 conjugis
452 3019 516 3057 cum
538 3002 651 3057 alterius
675 3002 794 3071 conjuge
809 3001 866 3069 jur.
887 3002 950 3058 Sax.
968 3021 1016 3059 vo-

125 3072 191 3123 catur
205 3071 401 3136 Oberhurerei,
419 3071 454 3126 de
474 3088 530 3143 qua
551 3071 676 3126 Schultz:
691 3069 720 3123 in
739 3086 849 3149 synops.
868 3069 955 3128 instit.
974 3073 1017 3127 tit

130 3131 158 3212 dt}
171 3141 262 3207 public.
280 3138 368 3211 judic.
390 3140 431 3193 lit.
443 3139 480 3193 K.
498 3158 525 3210 p.
540 3146 590 3196 726
603 3157 660 3210 seq.
691 3138 873 3192 Lenocimum
894 3146 936 3193 est
954 3159 1017 3209 pro·

131 3202 217 3264 tuto
244 3209 397 3281 virginum,
423 3209 583 3278 mulierum,
611 3224 727 3262 uxorum
758 3211 806 3260 aut
835 3209 1018 3275 meretricum,

133 3282 240 3336 tusus
265 3278 364 3351 gratia
406 3276 481 3332 Hinc
511 3278 574 3333 leno
599 3275 791 3339 Hurenwirth,
822 3275 887 3331 lena
908 3277 1019 3334 Hurcn-

839 3371 852 3412 8

1022 3586 1026 3593 ι
