2258 3766
182 238 248 304 540
354 235 462 323 Caput
483 236 524 303 V.
566 235 619 301 De
638 257 740 299 coena
758 234 936 301 dominica.

187 406 236 471 16.
288 407 494 470 Veruntamen
529 427 591 467 aon
626 415 745 468 tantum
774 407 818 469 ad
846 406 1098 483 distributiones,

187 493 241 555 aed
261 491 308 554 net
328 492 395 555 ideo
417 492 550 553 nranime
566 491 740 552 rreccraara'a
757 491 890 569 videtur,
911 504 947 555 ut
955 515 1019 576 per
1032 514 1095 557 ear-

193 576 197 585 '
218 579 287 639 dem
308 575 465 658 analopica
479 575 601 656 fractio
624 574 762 656 corporis
785 573 906 639 Christi
928 579 963 641 ia
984 599 1067 642 mer

372 670 617 742 repraesentenrr
638 669 666 720 et
688 659 915 745 adumbretur?

269 759 386 858 Apage
408 756 657 822 commentitiam
678 757 772 820 istam
793 758 1089 845 praefigurationem

185 844 393 928 analogrcam.
431 843 483 906 Dc
505 843 617 906 eadem
638 841 724 906 enim

272 931 300 995 1.
323 927 414 991 Nihil
432 927 467 989 in
488 927 593 991 verbis
615 925 823 990 institutionis
844 926 1015 993 invenitur.

270 1013 298 1078 2.
322 1011 475 1078 Officium
496 1012 588 1096 panis
610 1011 645 1075 in
663 1033 703 1077 ss.
726 1025 899 1097 coement,
921 1036 984 1077 non
1000 1008 1087 1097 signi·

81 1116 87 1129 ·
186 1097 290 1175 ficare,
312 1096 528 1182 praefigurare
550 1108 581 1160 et
595 1097 795 1174 adumbrare,
817 1096 876 1160 sed
896 1119 969 1162 esse
984 1120 1087 1161 nuern-

184 1178 274 1259 νίαν,
299 1182 440 1246 medium
469 1181 535 1245 sive
564 1203 720 1267 organum
748 1181 983 1247 sanctificatum
1010 1177 1085 1245 exhi·

185 1265 284 1330 bendi
305 1279 336 1330 et
354 1265 566 1331 distribuendi
594 1266 737 1353 corporis
758 1263 880 1331 Christi
900 1267 945 1332 ad
964 1264 1084 1331 mandu-

186 1353 340 1428 candum,
372 1364 425 1500 et1
435 1351 583 1415 omnibus
616 1352 685 1435 ejus
717 1350 882 1416 beneficiis
917 1351 1083 1425 fruendum,

184 1438 212 1501 1.
238 1437 384 1512 Cor.10‚
428 1438 457 1501 6.

269 1523 299 1586 3.
333 1519 499 1606 Scriptura
532 1513 654 1585 'diserte
688 1532 786 1607 negat
818 1518 943 1585 Christi
980 1536 1081 1607 corpus

183 1608 323 1756 (iiiii
343 1605 563 1775 tetigit}-
577 1629 669 1755 titt?
680 1627 761 1754 ii?
780 1602 1080 1776 imihi'riiiuii

207 1774 355 1839 articulus
384 1775 666 1840 comminutionem
686 1788 719 1840 et
753 1713 930 1840 ractihnem
951 1771 1079 1860 corporis

183 1798 303 1926 Christi
324 1860 499 1946 analogia?
622 1854 625 1861 Δ

268 1949 299 2011 4.
331 1945 448 2030 Agnus
482 1944 646 2030 paschalis,
676 1944 710 2008 in
745 1945 820 2011 Vct.
855 1944 944 2009 Test
978 1961 1077 2029 corpur

183 2029 302 2095 Christi
334 2053 399 2094 non
430 2029 656 2115 praefiguravit
686 2030 721 2093 in
750 2051 789 2094 eo
820 2040 857 2093 ut
884 2029 1076 2115 frangeretur,

183 2117 288 2178 Enod.
313 2116 363 2192 12,
383 2116 447 2191 463
483 2115 581 2180 Num.
603 2116 633 2199 9,
658 2115 706 2180 12.
748 2115 840 2200 Ergo
864 2113 1073 2180 multominus

183 2197 294 2262 fractio
317 2198 351 2261 in
369 2199 463 2263 Novo
482 2198 696 2263 Testamenta

267 2283 297 2350 5.
331 2281 368 2348 Si
400 2284 627 2370 praefiguratio
666 2283 745 2348 haec
777 2283 811 2346 in
843 2306 929 2369 pane
963 2282 1073 2355 vatent,

183 2366 278 2431 etiam
299 2369 478 2432 necessario
506 2368 620 2433 effusio
653 2369 719 2432 vini
748 2368 788 2431 ad
809 2369 984 2434 notandam
1009 2364 1074 2431 effu·

183 2452 306 2517 sionem
331 2453 496 2539 sanguinis
512 2452 633 2520 Christi
653 2453 878 2553 requireretur.
920 2452 1020 2538 Atqui
1035 2448 1074 2514 ni·

181 2537 227 2601 hil
249 2538 289 2602 de
310 2537 370 2602 hac
391 2538 547 2603 effusione
567 2539 601 2602 in
622 2539 727 2603 verb1s
750 2537 969 2604 institutionis.
986 2538 1024 2605 Ε.

182 2657 216 2722 Η
252 2655 345 2723 (Ratio
365 2662 386 2711 1.
399 2672 417 2709 a
430 2656 587 2710 testimonio
607 2656 699 2709 divino
717 2655 879 2709 immediata
892 2650 1075 2710 verbor-nmin-

182 2723 341 2778 stitutionis.
380 2724 428 2778 Fit
445 2726 473 2778 in
490 2726 589 2779 iisdem
607 2725 711 2779 mentio
729 2723 888 2793 fractionis,
913 2724 964 2780 sed
981 2739 1015 2777 ne
1026 2734 1074 2775 rte·

181 2792 248 2848 bulo
268 2792 517 2864 praefigurationis.
558 2801 582 2849 2.
600 2794 628 2847 A
653 2792 708 2847 fine
732 2798 760 2847 et
780 2792 874 2858 officio
898 2793 987 2863 penis.
1018 2787 1074 2845 th

179 2862 337 2916 testimonio
363 2863 456 2917 divino
480 2862 626 2919 contrario.
671 2861 733 2917 Non
759 2861 832 2916 enim
859 2857 1073 2934 quemadmodm

180 2931 289 3011 integer
320 2931 401 3000 panis
433 2931 462 2984 in
491 2931 642 3002 particulas
678 2930 888 2991 comminuitur,
923 2931 965 2985 its
991 2938 1074 3005 corp?

181 2998 284 3053 Chnsti
303 3000 503 3053 comminutum
521 3004 564 3054 est
581 3000 611 3052 in
623 3004 723 3070 partes.
756 2998 785 3054 si
804 2999 879 3052 enim
896 2998 976 3053 nulls
992 2997 1075 3051 m

179 3069 302 3138 corporis
320 3066 422 3121 Christi
439 3068 501 3135 fuit,
517 3086 568 3123 nec
587 3069 667 3138 panis
688 3084 750 3122 eam
768 3067 996 3138 repraesentabit
1019 3060 1073 3121 Η

179 3143 330 3206 comparat.
355 3136 523 3206 imparibus,
548 3137 577 3191 in
600 3137 701 3206 quibus
726 3141 768 3191 est
791 3137 880 3191 illatio
902 3154 921 3191 a
943 3134 1073 3207 negarim

179 3205 293 3273 majoris
314 3205 351 3258 ad
369 3207 547 3278 negationem
566 3206 686 3261 minoris.
726 3204 895 3259 Evidentius
913 3207 986 3261 enirn
1002 3200 1074 3257 mute

178 3272 377 3343 praefiguratio
400 3275 507 3329 isthaec
532 3275 560 3328 in
588 3291 661 3345 agno
682 3273 807 3344 paschali
830 3273 930 3344 perfici
950 3272 1073 3345 pant-a
