2250 3772
235 243 288 309 Dc
309 242 508 308 mutilatione
529 264 656 308 coenae.
837 242 902 310 585

76 426 108 464 ni
123 409 169 464 liic
180 413 321 481 peractam
338 415 452 481 negant.
484 408 555 463 Cum
572 409 639 481 ipsis
656 425 723 481 ergo
750 410 798 483 qui
810 409 900 466 diver·

75 483 214 548 statuunt,
238 479 402 550 transigant.
437 485 461 534 4.
478 479 560 533 Adde
587 479 662 550 quod
689 495 706 532 a
745 495 781 534 nc
799 478 829 534 in
847 481 899 534 du·

76 564 133 602 inm
150 547 219 601 disci
239 546 279 601 nli
296 548 325 600 hi
340 546 406 601 isici
424 547 535 614 fuerint,
553 564 604 602 nec
620 563 663 602 ne.
688 547 761 605 Vide
773 551 841 601 Lac.
855 550 900 615 24,

76 618 96 670 1.
130 617 183 670 Nil
201 564 292 669 eiciat
320 622 344 671 3.
362 616 437 687 quod
453 615 595 696 primitiva
619 615 736 671 ecclesia
752 615 900 671 celebrarit

76 684 111 738 in
126 685 156 738 in
179 685 239 739 solo
261 684 318 737 ritu
334 684 476 739 fractionis
501 685 596 755 panis,
616 701 672 739 non
697 685 900 741 distributionis

76 754 172 810 Actor.
186 756 213 822 2,
226 756 270 808 42.
289 761 317 807 et
336 756 436 816 2111.
472 753 642 807 Belloi-mio.
658 753 684 809 d.
697 753 715 807 l
733 753 784 808 col.
800 760 850 810 146
862 755 898 810 A.

76 840 99 874 c.
118 821 145 875 d.
165 822 216 876 100.
236 821 357 876 conclus.
373 827 398 877 4.
421 840 449 892 p.
469 828 527 876 246.
563 821 635 878 Sunt
651 821 724 877 enim
741 822 795 876 loci
812 821 842 876 hi
860 821 898 877 ab

76 889 156 959 iliter,
172 890 249 944 varie
267 891 424 961 etquidem
442 890 579 945 contrarie
599 891 723 960 expositi
754 891 812 945 Alii
824 891 898 947 enim

76 958 179 1014 teribus
203 959 239 1012 de
257 958 441 1023 eucharistia,
469 959 516 1013 alii
539 959 575 1013 dc
594 959 731 1014 ccmmnni
755 959 838 1030 epulo
857 960 899 1015 in·

76 1031 185 1083 11111111.
209 1026 318 1082 Exinde
329 1027 415 1098 igitur
432 1044 488 1081 iicn
506 1032 572 1081 sunt
590 1029 725 1083 sumenda
735 1036 901 1100 argumenta

76 1095 153 1150 ctica.
189 1102 212 1151 2.
232 1096 330 1151 Fuisse
346 1096 394 1150 vul
415 1113 490 1151 arem
512 1096 735 1151 distributionem
751 1098 833 1167 panis
849 1098 898 1153 dc·

76 1181 89 1216 n
106 1163 218 1232 factam,
235 1171 315 1234 paret
332 1182 366 1220 ex
413 1172 447 1220 01.
465 1168 492 1234 2,
510 1168 555 1220 46.
572 1168 615 1220 47.
651 1170 676 1219 3.
692 1165 776 1229 Dato,
793 1166 840 1237 agi
857 1165 897 1220 ibi

76 1248 138 1301 ena,
158 1233 359 1304 synecdochice
380 1233 517 1288 mentione
534 1233 615 1303 panis
637 1233 808 1305 intelligetur
828 1235 898 1290 inte·

76 1316 165 1370 eoena3
192 1302 329 1372 quomodo
354 1301 476 1357 Hebraei
499 1317 608 1356 omnem
630 1302 724 1358 cibum
748 1311 776 1358 et
799 1309 898 1373 potum

76 1373 255 1440 ramponem,
283 1387 346 1424 cum
363 1369 511 1440 pontificiis
535 1369 730 1425 confitentibus
754 1388 897 1427 consecra·

76 1438 126 1491 illa
144 1439 202 1493 sine
220 1455 293 1509 pane
312 1446 341 1494 et
358 1441 423 1492 vino
440 1439 499 1493 fieri
516 1439 613 1511 possit.
648 1446 672 1495 4.
693 1439 723 1494 si
739 1441 837 1495 Actor.
849 1444 897 1503 20,

76 1524 112 1561 ira
129 1523 214 1561 coena
232 1507 425 1563 administrata
442 1509 495 1562 sub
512 1525 569 1562 una
588 1508 693 1579 specie,
720 1525 753 1564 eo
773 1509 839 1581 quie
856 1509 897 1565 ibi

76 1581 91 1629 ,1
109 1577 218 1633 ¹mentio
243 1576 312 1641 viiii,
333 1577 423 1630 etiam'
434 1576 553 1646 Paulus,
582 1577 631 1649 qui
657 1584 751 1633 tamen
769 1595 826 1632 non
842 1578 898 1633 fnit

77 1645 153 1711 ,sub
171 1661 229 1698 una
245 1645 337 1715 specie
355 1645 592 1713 communicasset,
612 1645 681 1717 quia
697 1651 808 1701 tentum
826 1646 905 1719 logi-¹

76 1713 334 1836 illiciti?
359 1713 896 1854 ...11111111121111

76 1867 105 1903 ir.
140 1851 193 1903 Nil
212 1851 302 1904 011101
325 1859 349 1906 4.
370 1851 539 1920 disjunctiva
556 1852 612 1905 a'a
628 1851 718 1919 Pauli,
737 1853 896 1925 quicunque

76 1919 195 1973 converit
220 1935 321 1989 panem
348 1919 438 1984 hunc,
463 1926 512 1975 aut
540 1919 642 1974 biberit
669 1920 783 1975 calicem
812 1922 895 1991 hunc,

76 1988 158 2041 rioth.
177 1991 219 2054 11,
238 1991 282 2044 27.
308 1988 413 2042 Pistor.
432 1988 581 2060 Wegweis.
599 1994 679 2043 011.
697 2005 725 2058 p.
738 1995 796 2045 413.
824 1990 896 2047 Inde

85 2071 142 2108 non
166 2055 297 2127 sequitur,
328 2057 452 2120 alteram,
470 2062 578 2126 partem
604 2055 641 2110 ab
658 2057 745 2112 alteia
772 2060 896 2128 separari

109 2124 161 2178 Est
179 2125 252 2178 enim
271 2141 355 2205 scopo
374 2124 492 2179 Paulino
510 2124 691 2190 contrarium,
714 2125 744 2179 id
787 2127 842 2180 uod
861 2144 896 2183 ex

76 2192 148 2247 110110
165 2193 345 2247 institutionis
363 2193 521 2263 primaevae
541 2199 657 2250 constat.
683 2200 707 2250 2.
725 2194 750 2247 E
789 2212 832 2250 eni
849 2212 894 2251 ra-

77 2278 111 2315 ex
131 2261 308 2327 distributive
333 2270 382 2314 aot
404 2262 500 2316 inferri
523 2269 631 2333 posset:
667 2262 699 2316 E.
720 2263 798 2318 laicis
823 2265 897 2320 calix

75 2336 95 2398 t,
114 2347 167 2384 nec
187 2347 256 2400 opus
276 2329 379 2385 habent
398 2348 478 2401 pane.
511 2329 658 2386 311011
673 2332 832 2389 nonhabet
848 2335 895 2390 hio

76 2399 214 2468 sperandi,
232 2400 282 2454 sed
299 2404 409 2453 tantum
421 2400 610 2472 distinguendi
628 2400 701 2455 inter
717 2418 759 2470 ea,
795 2420 850 2458 uae
860 2421 896 2459 ex

76 2485 88 2520 s
106 2467 279 2522 institutione
297 2468 447 2538 conjuncta
466 2485 525 2524 esse
545 2469 656 2524 debent
686 2470 738 2525 Nat
758 2488 774 2523 o
807 2479 892 2528 1011.

99 2535 261 2606 accipiendo
286 2552 385 2606 coipus
414 2536 686 2619 01111111,[10011>010
715 2537 800 2618 etism
832 2557 895 2593 san-

76 2607 894 2731 1.11..111.11.1.111111111·

76 2741 189 2797 nanual.
214 2740 263 2796 lib.
292 2749 313 2796 1.
338 2759 371 2795 ca
393 2784 399 2796 .
419 2749 442 2798 9.
468 2744 588 2798 conclus.
605 2749 629 2798 9.
653 2760 680 2814 p.
702 2749 762 2799 260.
806 2751 828 2800 i.
848 2746 894 2800 De

76 2817 154 2864 cento
174 2810 227 2864 hoc
241 2760 424 2880 judicandpum
441 2829 475 2866 ex
486 2811 637 2882 Scriptura.
660 2812 732 2876 Quia
742 2812 829 2884 igitur
841 2814 893 2869 sub

75 2878 100 2931 is
118 2878 260 2933 elementis
284 2879 341 2933 sive
359 2880 492 2950 symbolis
510 2881 629 2934 externis
647 2879 774 2935 christus
791 2898 893 2953 corpus

86 2947 224 3001 edendum
243 2954 273 3002 et
295 2948 459 3018 sanguinem
485 2965 565 3002 suum
590 2948 742 3004 bibendum
764 2949 906 3031 institnit·

76 3032 95 3070 ,0
112 3015 284 3094 institutione
306 3018 353 3070 vel
373 3017 461 3070 latum
485 3033 607 3097 unguem
633 3017 773 3072 discedere
797 3035 894 3143 ffir-

76 3083 136 3138 cbis
158 3090 224 3139 esto.
256 3091 280 3140 2.
295 3085 326 3141 si
344 3085 558 3141 concomitantia
575 3084 644 3140 haec
659 3087 751 3141 locum
768 3087 806 3142 lia
871 3096 892 3158 t,

76 3152 130 3206 culi
148 3154 318 3224 geminatum
345 3170 446 3235 corpus
471 3155 636 3225 acciperent
677 3155 736 3211 Nos
761 3173 893 3212 memus

76 3220 242 3290 ithymema:
261 3222 424 3277 Praesentia
443 3223 565 3294 corporis
583 3230 611 3276 et
623 3223 767 3305 sanguinis
840 3226 892 3307 'sti²

77 3290 163 3343 oritur
189 3307 223 3345 ex
248 3291 460 3346 concomitantia
489 3293 547 3346 sive
578 3306 747 3349 connexione
772 3294 894 3350 naturali

917 3354 1034 3544 Γ
