2250 3772
316 230 370 296 De
391 228 533 298 ecclesia
814 234 877 301 ³41

86 395 197 452 nisteric
214 395 337 478 implete,
357 396 416 454 Col.
432 403 456 467 1,
475 400 521 467 23,
540 399 584 452 vel
601 400 627 451 2.
647 401 681 453 de
699 396 873 456 inuenisse

86 464 119 519 ris·
128 481 199 520 wan
219 465 271 519 elsi
279 466 387 535 publice·
395 467 510 536 ejusque
522 466 731 522 conservatione
739 470 874 536 adfinem

86 534 176 603 nundi,
222 552 312 590 oman.
328 538 370 604 16,
388 539 439 603 15;
505 537 560 590 hee.
577 539 602 603 4,
619 539 669 588 11·
688 538 757 590 Eso.
777 540 822 602 62,
839 542 874 604 6,·

90 606 134 672 20,
155 605 181 659 6.
200 609 229 658 et
245 605 291 670 22,
310 605 353 656 34.
367 608 437 672 etc.;
453 621 485 658 oe
516 608 544 662 3.
564 606 598 657 dc
616 577 794 670 sullimitate,
811 607 872 675 olo-

91 672 242 742 splcndore
261 672 396 726 ecclesiae
413 672 523 726 interno
541 674 572 726 in
585 674 655 741 fide,
672 690 722 742 spe
740 674 870 728 etclsors'·

86 741 222 795 nuistcnte
261 738 358 795 Gloria
382 740 455 796 enim
478 740 552 796 filiae
572 759 602 796 re
625 741 646 793 's
672 741 761 811 intus,
788 744 871 803 Psal.

100 810 181 863 Rom.
198 811 224 861 2.
243 825 269 863 v.
290 809 351 878 ult,
368 809 416 881 qui
435 815 478 865 est
494 809 612 865 essentia
625 811 647 862 's
665 814 694 865 et
709 816 869 881 perpetuus.

86 895 115 932 ro
133 879 169 931 de
189 885 302 931 ccccmo
321 878 351 931 s‘n
372 880 537 946 frequentia
557 879 699 933 hominnm
721 880 828 935 visibili
843 888 870 935 et

87 963 232 1000 senorum
254 947 500 1000 administratione
516 949 617 1016 posito.
658 947 714 1002 Hic
737 947 811 1002 enim
827 954 870 1004 est

86 1014 142 1069 talis
159 1020 188 1069 et
202 1014 370 1085 temporalis.
398 1014 495 1070 Potest
513 1016 587 1070 enim
603 1015 721 1071 eeclesia
744 1015 868 1073 deficere.

86 1086 140 1137 suos
157 1082 188 1137 in
207 1083 349 1138 doetrinae
386 1084 488 1139 uritate
506 1084 617 1154 gradus,
635 1089 663 1138 et
680 1084 768 1138 instar
786 1084 869 1142 lunae

86 1150 268 1232 *tconspicua
291 1158 319 1207 et
334 1101 438 1233 fuiget,
469 1152 505 1207 ob
526 1152 668 1233 publicum
689 1152 868 1275 lustumque

86 1224 242 1286 nerc1t1um,
266 1221 348 1275 modo
368 1227 410 1276 est
428 1236 524 1275 succus
544 1238 607 1276 rcus
632 1226 693 1276 eto
714 1237 806 1290 scura,
831 1222 867 1280 ob

86 1305 155 1344 scens
180 1289 403 1359 persecutionum
425 1289 502 1360 peric
533 1307 587 1345 um.
630 1289 747 1344 Interim
772 1297 867 1347 tamen

94 1357 185 1429 fulget
210 1374 303 1413 coram
328 1358 388 1412 Deo
414 1358 542 1423 interius,
568 1357 676 1413 etiamsi
701 1359 811 1413 sordeat
835 1359 866 1414 in

86 1426 210 1481 exterius.
247 1425 360 1497 Semper
376 1432 419 1482 est
436 1427 600 1498 conspicua,
617 1427 641 1481 si
657 1443 714 1481 uon
731 1432 805 1496 actu,
823 1434 865 1483 ta·

86 1495 173 1563 entia,
199 1494 270 1550 sicut
293 1494 335 1550 sol
354 1496 433 1564 cujus
455 1500 597 1566 aspectum
613 1494 760 1551 tenebrosa
776 1496 865 1552 nubes

86 1569 106 1620 t.
150 1565 263 1617 Errom
283 1562 322 1619 ΙΙ.
341 1563 408 1617 dum
431 1564 628 1644 specialissime
649 1581 752 1635 papam
775 1582 865 1621 roma·

86 1648 142 1686 sem
161 1632 292 1687 ecclesiae
314 1633 424 1686 nomine
447 1632 618 1704 intelligunt)
642 1632 790 1688 autoritate
812 1651 865 1715 pa·

86 1700 141 1772 [nid
160 1700 189 1753 in
205 1699 261 1756 fide
280 1701 473 1756 decernentem
492 1718 583 1757 errare
599 1718 656 1755 non
671 1718 753 1772 posse
763 1709 864 1759 uenter

86 1808 93 1822 .
122 1768 188 1825 Vid.
202 1769 343 1825 Bellormz
362 1771 396 1825 de
413 1774 490 1841 pont.
509 1786 577 1824 rom.
595 1770 614 1824 1.
629 1775 652 1824 4.
672 1786 695 1826 c.
712 1776 733 1825 1.
745 1776 774 1825 et
785 1787 861 1843 seqq.

87 1882 93 1894 .
114 1842 164 1893 805
182 1854 257 1908 seqq.
293 1838 333 1892 At
350 1856 422 1893 unus
442 1855 517 1909 papa
537 1855 665 1893 romanus
683 1843 798 1893 nonest
817 1856 861 1895 ec·

86 1904 136 1960 Est
154 1906 227 1962 enim
246 1905 361 1961 eeclesia
378 1923 479 1961 nomen
497 1907 672 1962 collectivum
688 1907 809 1976 corporis
827 1924 862 1962 ex

96 1974 224 2044 pluribus
240 1975 362 2030 adunati.
392 1976 451 2032 Nec
470 1981 493 2031 2.
511 1993 582 2030 unus
602 1991 689 2096 paga,
707 1975 757 2029 sed
775 1975 861 2031 eccle·

86 2043 204 2098 nlumna
225 2044 362 2114 veritatis,
387 2047 411 2098 1.
434 2045 505 2101 Tin.
522 2047 549 2112 3,
568 2047 612 2097 15.
662 2044 714 2098 deo
737 2049 761 2098 3.
784 2061 860 2115 papa

111 2118 203 2183 potest
225 2128 324 2168 errare.
364 2111 424 2166 Imo
450 2118 479 2166 et
501 2112 655 2167 haereticus
681 2127 740 2167 esse
756 2118 859 2184 potest,

86 2180 184 2248 Uanus,
201 2180 219 2236 l.
242 2187 265 2236 6.
283 2182 336 2236 loc.
353 2180 475 2252 theolog.
493 2199 517 2238 c.
537 2187 560 2236 3.
580 2198 607 2251 p.
626 2186 684 2236 214.
715 2180 767 2234 Est
786 2182 860 2237 euim

86 2250 146 2304 lon.
167 2252 194 2318 3,
213 2253 238 2312 4,
256 2256 285 2305 et
302 2250 412 2320 saepius
430 2250 491 2321 ipso
513 2254 578 2304 actu
596 2249 704 2304 erravit.
741 2248 859 2307 Marcel·

86 2319 104 2372 it
124 2317 285 2383 idololatra,
310 2319 374 2375 dist.
398 2325 439 2373 21.
466 2337 489 2373 c.
509 2324 533 2374 8.
578 2317 705 2380 Liberius
728 2318 858 2389 Asianus,

86 2405 108 2440 n
124 2387 173 2441 vit.
190 2387 282 2441 Liber.
305 2405 332 2458 p.
351 2394 392 2442 50.
472 2406 507 2441 ro
533 2404 608 2457 supr.
633 2404 657 2443 c.
677 2393 717 2444 11.
743 2387 859 2449 Zachar.

86 2460 137 2517 118.
156 2455 183 2511 b.
217 2454 251 2510 G.
271 2455 437 2511 Anastasius
486 2497 492 2510 .
511 2455 701 2525 Photinianus‚
720 2455 775 2510 vid.
794 2457 857 2513 dist.

90 2528 130 2581 ¹⁰.
173 2523 294 2593 Vicilius
310 2524 511 2595 Eutychianos,
532 2525 587 2579 vid.
604 2525 727 2578 Liberat,
746 2523 776 2577 in
788 2524 857 2581 Bre-

86 2597 128 2649 22.
151 2593 206 2646 vol.
224 2599 248 2647 2.
272 2594 409 2649 concilior.
433 2611 461 2663 p.
484 2599 542 2650 803.
563 2596 614 2647 etc.
649 2593 796 2647 Praetereo
815 2610 856 2648 er·

86 2659 172 2717 nibus
189 2667 217 2716 et
234 2661 351 2742 singulis
363 2678 521 2717 communes
535 2678 619 2732 quam
632 2661 764 2731 plurimos
777 2660 855 2716 alios.

86 2770 94 2798 ,
109 2731 188 2798 qnod
197 2731 326 2785 Jesnstce
344 2732 374 2784 in
386 2732 446 2785 cito
462 2739 488 2785 et
500 2731 622 2784 moribus
633 2747 743 2810 papam
756 2745 855 2784 errore

86 2806 208 2865 sterant,
232 2799 262 2852 in
281 2802 344 2868 fide
364 2809 456 2853 annm
477 2817 533 2853 non
555 2798 613 2852 nisi
624 2799 774 2868 peccatine,
803 2799 856 2852 aed

86 2869 137 2921 ede
154 2868 251 2936 Petri,
273 2869 322 2921 nbi
334 2868 508 2948 pronunciat
527 2884 560 2921 en
576 2867 727 2920 coronante
740 2867 854 2935 papali.

86 2934 459 3006 ‚1ib.4‚dep0nt1f.rom.
484 2953 508 2993 c.
527 2942 551 2993 2.
577 2942 599 2990 t.
618 2940 641 2990 1.
667 2935 718 2989 col.
738 2939 797 2992 804.
817 2934 854 2992 A.

86 3021 161 3058 unam
177 3003 280 3059 lacuna
297 3003 366 3060 haec
376 3005 518 3060 distinctio
529 3004 646 3059 hausta?
669 3002 779 3058 Israelis
792 3001 853 3057 fon·

86 3070 854 3214 atlete?llsstl¹t³tlut¹sstfl⁰tl⁸tlttutl

86 3227 145 3267 osse
171 3211 298 3267 docuere.
339 3211 412 3268 Vide
434 3211 573 3266 Bellarn.
611 3214 661 3264 ,4.
690 3209 726 3264 de
774 3209 852 3267 ontif.

86 3284 107 3337 l.
128 3285 192 3337 tl.
215 3281 267 3337 col.
289 3285 347 3337 804.
365 3280 402 3337 A.
436 3282 497 3335 Nec
523 3280 613 3335 obstat
633 3279 703 3334 Ino.
727 3227 779 3349 25,
804 3280 853 3334 32.
