2250 3772
109 280 174 348 290
245 276 353 367 Caput
372 278 415 345 It
458 278 511 343 De
531 280 680 366 symbolo
700 282 883 367 apostolico.

110 452 213 505 minem
230 448 310 503 fieri?
344 446 418 510 Quid
436 447 511 517 quod
528 449 775 504 5.reconeiliatioi
810 449 893 505 iDeo
907 445 984 505 elno

13 518 19 531 ’
110 518 165 575 Dei
186 518 299 574 exsertis
317 516 409 570 verbis
428 516 568 571 tribuitur.
592 517 666 573 Vide
681 537 713 572 su
734 538 756 576 r.
769 468 879 577 ffllou.
903 518 930 573 E

109 589 201 643 nudae
211 587 348 640 humanae
358 591 476 639 nuturee
485 585 680 656 assignabitur.
737 588 790 641 itit
803 590 927 646 ebetati.
961 584 967 597 ’

109 661 136 727 2,
158 661 183 712 5.
210 656 289 712 Unus
299 654 524 708 mediatorhomo
534 654 660 710 Christus
669 656 759 711 Jesus.
789 654 986 735 Beltarmdlq

107 727 161 781 loc.
181 725 231 778 col.
253 729 310 778 476.
330 723 365 777 A.
407 722 478 778 Sunt
505 723 577 778 enim
607 729 630 780 1.
659 732 779 796 quatuor
805 724 924 794 termini,
944 734 986 795 quil

110 794 251 864 apostolus
268 808 324 845 non
341 791 557 859 humanitatem,
580 793 631 847 sed
647 793 787 849 hominem
806 794 875 848 dicit
887 792 986 849 medon

109 881 175 918 rem.
214 867 237 916 2.
256 860 431 917 Vocabulum
451 859 570 914 hominis
592 867 635 915 est
658 880 757 917 nomen
776 880 922 943 personae,
940 876 986 931 qun

110 950 144 988 ex
169 930 276 984 duabus
299 935 327 984 et
348 930 378 983 in
405 928 514 983 duabus
536 930 643 983 naturis
670 931 805 986 consistit.
842 931 898 987 Per
913 926 986 987 elench

109 1001 195 1073 igitur
213 1017 248 1068 op
270 1014 310 1055 os.
329 1006 445 1053 naturae
462 998 617 1068 opponitur.
648 1002 672 1053 3.
691 999 819 1054 Hominis
835 1016 888 1055 vox
918 997 986 1053 onita

109 1087 165 1124 non
183 1085 238 1139 quo
282 1067 356 1121 solus
379 1068 461 1121 homo
485 1068 621 1121 mediator
639 1074 725 1136 esset,
743 1070 793 1123 sed
810 1070 885 1140 quod
899 1018 986 1123 homin

110 1138 171 1207 bus,
193 1138 228 1191 de
250 1154 365 1208 quorum
384 1136 473 1189 salute
491 1136 592 1207 agitur,
612 1137 700 1207 magis
772 1145 803 1192 ta
820 1155 855 1192 ac
871 1138 952 1191 amica
964 1150 986 1189 a

109 1214 166 1275 set,
184 1206 269 1261 etsie
288 1211 330 1259 est
347 1204 453 1259 elench.
473 1221 581 1260 causae.
617 1212 642 1262 l.
661 1206 690 1261 si
710 1223 730 1259 u
751 1204 816 1261 ioun
837 1224 872 1261 ue
886 1223 903 1261 a
918 1210 986 1259 notun

110 1276 304 1331 denominatur
319 1290 454 1354 persona,
478 1282 577 1327 natura
601 1273 651 1327 illa
667 1225 851 1346 intelligentia
869 1280 911 1329 est
924 1272 986 1328 exclu

109 1346 175 1408 sive,
193 1344 254 1414 pari
274 1350 380 1397 ratione
402 1347 431 1396 et
449 1340 587 1395 Christum
613 1343 793 1397 mediatorem
817 1348 936 1398 nostrum
950 1356 986 1396 err

109 1421 217 1469 tantum
243 1412 394 1466 secundum
410 1409 550 1464 Deitatem
574 1412 711 1466 exclusive
736 1412 916 1467 concludetur
930 1408 986 1465 int

108 1482 186 1544 locis,
215 1481 315 1551 quibus
339 1479 449 1533 divinae
466 1485 583 1533 naturae
608 1480 694 1534 solius
718 1482 823 1535 montio
851 1478 986 1551 exprimitur

108 1555 134 1606 1.
151 1551 217 1604 Jot.
235 1552 268 1617 3,
285 1553 309 1602 8.
333 1557 358 1601 ct
380 1551 405 1600 1.
424 1548 490 1604 Jon.
510 1552 534 1612 4,
555 1552 573 1602 9
594 1557 642 1603 etc.
681 1548 770 1619 Atqui
788 1550 841 1604 hoc
860 1548 986 1604 absurdum

110 1618 193 1674 Nihil
211 1619 301 1673 adstat
320 1623 343 1671 2.
370 1617 444 1687 quod
468 1624 562 1697 patres
585 1618 752 1688 quandoque
770 1617 874 1672 Filium
892 1618 940 1673 Dei
951 1628 986 1669 me

98 1688 243 1753 'diatorem
261 1693 385 1741 nostrum
402 1691 561 1755 nommant,
584 1703 640 1757 qua
657 1686 739 1741 homo
756 1693 808 1743 est.
848 1684 986 1741 netarum

108 1758 175 1813 ibid.
194 1757 227 1812 B.
263 1755 327 1810 Non
346 1754 417 1809 enim
437 1753 469 1807 fit
485 1754 553 1818 hoc,
578 1763 610 1809 ut
636 1755 672 1809 ab
692 1754 783 1809 officio
801 1750 986 1811 mediatorisdi

108 1828 201 1881 vinam
216 1832 344 1880 naturam
364 1823 527 1891 excludant,
552 1824 601 1877 sed
619 1830 651 1877 ut
668 1824 821 1879 seeundum
840 1824 911 1879 hanc
927 1820 986 1877 sarr

107 1896 287 1951 mediatorem
303 1893 395 1963 ipsum
410 1910 466 1946 nou
485 1908 544 1946 esse
565 1892 721 1950 ostendant.
746 1892 797 1946 Est
809 1893 895 1964 igitur
910 1886 986 1947 etmel

107 1964 154 2019 fin.
192 1967 253 2019 Nec
271 1968 295 2018 3.
315 1961 452 2043 sequitur,
472 1977 565 2015 omnes
582 1966 638 2014 tres
656 1978 788 2030 personas
806 1961 934 2015 trinitatis
948 1972 986 2012 ortt

108 2034 282 2088 mediatores.
317 2030 390 2084 Ibid.
409 2029 451 2083 C.'
476 2028 566 2082 Filius
586 2029 658 2083 enim
672 2028 725 2084 Dei
744 2030 869 2085 officium
885 2028 986 2085 metim

109 2102 148 2155 ris
165 2101 274 2170 perficit
291 2099 378 2154 relato
396 2099 425 2152 in
441 2098 633 2167 singularitate
651 2115 718 2153 suae
735 2115 879 2167 personae,
895 2115 945 2153 non
957 2093 986 2149 th

108 2169 197 2224 solute
224 2170 254 2222 in
278 2168 412 2222 essentiae
432 2167 542 2220 divinae
562 2166 676 2221 unitate.
713 2173 737 2220 2.
755 2167 830 2229 Quid
850 2168 922 2248 quod
936 2162 986 2219 solut

108 2237 197 2291 Filius
215 2238 374 2290 incarnatus
396 2243 444 2301 est,
463 2243 490 2289 et
506 2252 562 2287 non
580 2234 662 2288 simul
679 2234 764 2289 Pater
776 2243 805 2290 et
818 2235 932 2306 Spnitus
946 2248 986 2285 sau

107 2305 190 2361 ctus?
225 2305 257 2357 E.
284 2312 312 2359 et
339 2305 412 2358 solus
440 2304 527 2357 Filius
557 2304 692 2357 mediator
716 2309 771 2368 est,
796 2322 851 2358 non
878 2302 986 2359 Poterat

107 2374 226 2444 Spiritus
246 2377 366 2435 sanctus,
385 2390 401 2426 o
421 2373 487 2426 time
505 2373 680 2439 Aliquotiens
697 2371 770 2427 hom.
789 2373 824 2427 de
843 2370 986 2428 ovib.c.12

106 2449 172 2498 tom.
191 2449 214 2498 9.
234 2441 285 2496 col.
306 2390 428 2497 1088.ss
460 2443 527 2495 Non
549 2443 688 2494 mediator
710 2442 790 2495 tomo
811 2432 986 2519 praetoriis

107 2520 201 2576 tatem,
219 2530 274 2565 non
290 2512 430 2564 mediator
450 2511 531 2563 Dona
549 2518 668 2576 practer
689 2510 899 2565 hamanitatm.
929 2510 986 2563 Dm

106 2583 181 2634 nitas
198 2580 259 2634 aine
277 2580 447 2633 humanitate
466 2597 522 2632 non
541 2586 580 2630 eat
598 2579 762 2647 mediatrice,
788 2583 842 2633 aed
857 2582 925 2633 inter
938 2574 986 2629 aa

106 2652 221 2703 nitatem
244 2649 335 2702 aelam
362 2657 388 2701 at
410 2649 611 2701 inemendatam
629 2649 719 2700 solam
737 2651 892 2703 mediatrix
908 2642 986 2701 ertit*

106 2736 191 2772 mana
209 2718 344 2771 divinitas
362 2725 387 2770 ct
406 2717 504 2770 divina
520 2716 680 2769 hrtmanitas
695 2716 826 2840 Chr-ists?
844 2712 985 2789 Atquotrs

107 2789 142 2843 do
160 2803 278 2858 persona
297 2785 407 2856 Christi,
426 2786 550 2857 sequitur
571 2784 605 2838 de
623 2786 748 2855 ejusdem
767 2786 798 2839 of
817 2786 867 2842 cio.

155 2975 209 3043 II.
253 2975 336 3040 DE
373 2969 652 3038 OFFICIO
690 2965 951 3039 CHRISTL

256 3112 284 3178 1.
325 3108 489 3188 Quodnam
512 3120 556 3170 ast
579 3110 715 3190 officiam
737 3108 875 3173 Christi?

191 3228 345 3295 Officium
373 3224 493 3290 Christi
520 3236 584 3303 est,
615 3248 673 3290 nos
696 3250 715 3290 a
736 3227 876 3312 peccatis
895 3208 978 3289 noslr'd

104 3315 236 3400 salvare,
258 3324 290 3379 et
307 3310 437 3379 coelesti
459 3331 516 3375 suo
539 3309 629 3375 Patri
650 3313 865 3379 reconciliare.
