2250 3772
148 122 191 191 96
387 120 494 208 Caput
516 123 542 192 l.
584 125 637 188 De
659 124 825 210 decalogo.

148 302 252 359 terrae
274 290 418 369 canaan,
436 304 469 357 et
488 293 641 358 hactenus
663 294 749 358 solos
764 294 911 361 Judseos
932 312 1112 359 com-*v

149 390 243 550 Epi}
281 377 358 527 {lug
378 375 442 441 fine
454 399 515 441 nec
536 379 576 441 ab
592 378 738 463 apostolo
752 379 857 444 Paulo
878 386 1102 444 enumerata·

243 488 267 527 a.
309 511 318 540 ,
358 512 366 526 .

219 581 305 648 (Vide
323 595 408 651 supra
426 580 640 651 explicationem
659 581 803 652 praecepti
823 581 926 653 primi.)

204 700 254 767 10.
298 704 425 785 Ecquos
448 703 589 786 intellrpss
610 703 660 766 lio
679 704 803 765 nominc
816 698 1021 787 pareatumi.
1056 732 1063 739 ·

184 806 187 811 '
236 802 302 866 Per
324 815 472 885 parentes
499 802 635 867 intelli'
670 825 709 866 us
736 824 846 867 omnes
874 798 1083 893 superiores,

153 911 234 976 quos
256 887 348 952 Deus
370 887 519 972 regendis
549 899 580 952 et
632 886 818 953 efendendis
848 885 920 951 aliis
941 882 1083 977 praete*

151 976 203 1043 cit.
248 970 370 1052 Quales
390 983 486 1036 sunt:

237 1060 265 1122 1.
287 1056 443 1121 Parentes
464 1057 566 1122 nostri
586 1057 757 1121 naturales.

237 1146 267 1210 2.
287 1143 424 1207 Tutores
447 1154 479 1206 et
500 1152 661 1206 curatores
680 1140 885 1227 pupillorum

237 1229 267 1292 3.
288 1226 454 1291 Ecclesiae
475 1226 613 1291 ministri
635 1237 666 1291 et
687 1238 840 1313 pastores.

236 1313 267 1378 4.
289 1311 494 1377 Professores
515 1323 547 1377 et
565 1324 798 1460 praeceptores.

238 1396 268 1460 5.
290 1396 502 1480 Magistratus
523 1419 565 1482 po
579 1396 645 1461 itici
667 1417 841 1480 eorumque
865 1391 1028 1458 officiales

238 1482 268 1546 6.
290 1480 551 1546 Patresfamilias.

238 1567 267 1630 7.
289 1564 433 1649 Majores
456 1578 488 1631 et
511 1566 661 1631 seniores.

267 1702 315 1766 11.
362 1701 446 1780 Quos
464 1704 605 1787 intellipis
626 1701 748 1765 nornine
770 1696 963 1762 liberorum?

241 1800 364 1868 Omnes
386 1802 570 1879 inferiores,
600 1823 680 1886 quos
706 1798 864 1884 regendos
890 1818 929 1862 ac
956 1795 1068 1862 ‹leien-

154 1887 276 1954 alendos
298 1887 391 1951 Deus
413 1888 483 1953 aliis
502 1889 646 1973 subjecit.
691 1883 813 1965 Quales
835 1894 928 1947 sunt:

199 1974 227 2038 1.
248 1970 370 2036 Liberi
712 1972 742 2035 5.
762 1967 900 2034 Subditi.

197 2056 226 2119 2.
247 2055 377 2140 Pupilli.
711 2056 740 2119 6.
764 2052 857 2118 Servi
894 2062 925 2117 et
956 2051 1068 2119 ‹lome-

199 2142 227 2204 3.
248 2139 424 2203 Auditores
440 2141 530 2204 verbi
549 2138 657 2204 divini.
764 2137 843 2204 stici.

197 2225 228 2287 4.
249 2223 418 2308 Discipuli.
713 2227 741 2288 7.
763 2223 926 2288 Juniores.

226 2339 370 2412 (Singulos
394 2339 481 2411 igitur
503 2338 554 2393 hos
578 2341 682 2410 gradus
709 2339 881 2410 superiorum
906 2345 935 2394 et
956 2338 1069 2395 inferio·

157 2427 219 2465 rum
246 2408 283 2462 ad
307 2413 437 2480 quartum
461 2409 514 2462 hoc
536 2414 716 2480 praeceptum
737 2407 896 2463 referendos
919 2409 1070 2465 autoritate

158 2477 325 2558 Scripturae,
342 2484 444 2532 natura
454 2478 611 2546 relatorum,
629 2477 754 2549 legitime
773 2476 898 2532 infertur.
927 2475 1008 2532 I.De
1077 2512 1081 2517 -

156 2547 282 2603 rentibus
297 2546 356 2601 scil.
378 2551 406 2600 et
422 2546 515 2600 liberis
540 2546 651 2615 proprie
677 2546 760 2600 dictis
785 2544 975 2601 controversia
991 2564 1012 2601 n

157 2621 208 2672 est.
253 2615 292 2673 H.
319 2615 438 2670 Tutores
465 2619 493 2669 et
520 2621 660 2670 curatores
686 2614 813 2686 patribus
842 2613 1069 2685 aequiparemur,

161 2685 229 2740 Gal.
249 2688 275 2747 4,
292 2688 317 2736 1.
330 2687 357 2739 2.
393 2682 454 2747 Quo
472 2698 555 2737 sensu
572 2683 628 2739 Job
646 2701 675 2739 se
692 2688 801 2754 patrem
818 2698 968 2754 egenorum
982 2683 1070 2738 nomi·

157 2754 364 2877 arser
381 2751 632 2874 surus
651 2750 920 2874 rumas·
938 2752 1069 2875 rur

158 2864 266 2945 1114.Ι
292 2863 398 2944 Paulus
410 2838 444 2943 let
481 2837 584 2943 oarlnes
601 2839 741 2947 auditlues
752 2838 900 2968 suoliilios
916 2838 1072 2955 nommml,

161 2959 229 3014 Gal.
242 2962 324 3025 419.
350 2962 375 3013 1.
393 2959 460 3013 Jol.
478 2960 507 3023 2,
525 2961 550 3013 1.
585 2956 635 3013 IV.
654 2958 779 3013 Elisaeus
799 2956 890 3011 Ehem
910 2962 1071 3039 praecepto·

158 3044 217 3080 rem
229 3043 309 3081 suum
319 3034 427 3097 patrem
442 3024 574 3094 nominat,
592 3025 720 3108 discipuli
736 3030 872 3080 vocantur
883 3022 935 3079 filri
951 3026 1072 3098 prophe-

159 3097 367 3161 tammam
388 3098 505 3165 .2,12.
541 3094 576 3149 V.
595 3094 689 3150 David
707 3094 818 3152 Saulem
843 3111 937 3165 regam
960 3102 1071 3165 patrem

157 3164 291 3231 nominat,
318 3168 343 3219 1.
361 3115 438 3221 garn.
457 3167 500 3231 24,
524 3166 567 3217 12.
602 3163 702 3235 Capita
721 3170 832 3235 patrum
853 3164 960 3233 Judae,
980 3166 1072 3221 Eedn
