2250 3772
206 298 210 303 ,
292 229 561 298 Praefatiunoula.
821 234 885 303 449

88 399 140 466 39.
182 399 267 479 Quae
288 401 398 465 torem
417 404 579 466 verborum
600 401 769 466 sententia?

86 511 152 566 leue
181 510 325 566 amanter
353 524 412 567 noe
441 501 501 565 huo
532 501 785 588 praefatiuncula
804 503 886 569 invi-

105 608 181 652 vere
193 587 359 665 credamus
375 608 449 652 eum
462 599 606 652 nostrum
619 609 729 652 verum
742 588 883 668 Patrem,

86 693 95 736 e
128 672 197 756 ejue
228 695 320 737 veros
343 671 426 738 filios
448 694 533 757 esse,
563 682 599 736 ut
624 695 698 737 eum
721 673 883 739 confiden-

86 757 152 822 Lena
178 755 296 824 fiducia
323 756 523 835 invocemus,
551 757 820 842 quemadmodum
837 760 885 825 vi-

113 841 233 907 liberoe
263 852 350 908 oerta
378 842 496 907 fiducia
516 841 638 928 aliquid
658 865 679 907 a
699 844 883 929 parentibus

86 937 175 992 etere.

137 1045 190 1112 40.
227 1043 323 1123 Quem
344 1045 486 1132 intelligite
507 1069 576 1111 voce
590 1046 716 1112 Patris?

86 1152 125 1210 'er
155 1146 286 1211 Patrem
311 1145 363 1210 hio
388 1145 578 1233 intelligitur
603 1171 669 1213 uon
690 1149 759 1212 sola
803 1146 884 1214 rima

86 1254 109 1295 a
130 1231 289 1332 tiinitatie,
311 1252 394 1315 quae
417 1232 458 1294 ab
481 1245 609 1332 aeterno
629 1233 741 1382 glenuit
791 1234 883 1334 ilium

86 1316 290 1394 »etantmlem,
313 1316 371 1380 sed
391 1327 459 1381 tota
479 1327 620 1404 tnmtaa,
672 1329 753 1403 ater,
776 1318 880 1383 Fihue

86 1401 163 1466 ritus
183 1413 329 1479 eanotue,
358 1401 463 1480 eolus,
484 1424 596 1481 verus,
622 1427 704 1468 unus
727 1414 759 1468 et
778 1402 896 1499 trinus·

86 1583 199 1655 teipitur
216 1584 303 1657 igitur
319 1584 372 1641 hoe
390 1584 452 1640 looo
470 1585 661 1652 essentialiter,
678 1602 733 1640 non
751 1603 882 1656 persona·

86 1654 178 1793 leiim
200 1671 341 1724 peronnae
368 1655 539 1725 appellatio,
568 1655 654 1709 totino
677 1656 815 1710 trinitatie
839 1663 880 1711 eet

86 1825 112 1891 l.
151 1824 218 1890 Ceu·
239 1826 417 1913 appellatur
440 1838 503 1890 tota
524 1827 649 1890 trinitat
667 1824 786 1891 Pater?

107 1924 270 2010 Respeotu
289 1927 461 2002 creationis,
484 1922 560 2011 quia
574 1924 672 1990 Peter
686 1948 744 2011 per
758 1925 880 1991 Filium

87 2009 151 2075 ritu
173 2022 281 2076 saneto
300 2033 360 2076 noe
379 2031 488 2075 omnes
511 2009 642 2087 creavit,
664 2012 759 2079 Deut.
774 2012 826 2088 32,
848 2013 878 2078 6.

102 2094 242 2160 Ratione
263 2097 526 2181 reyeueratiom'e,
542 2093 619 2179 quia
646 2115 705 2159 noe
733 2096 881 2181 regenuit

86 2189 101 2243 t
121 2179 245 2266 spiritu,
266 2182 340 2246 Jot.
358 2180 389 2257 3,
409 2180 440 2245 5.

100 2265 239 2330 Ratione
266 2267 456 2350 adoptionis,
490 2263 567 2347 quia
591 2264 704 2350 Pater,
737 2264 771 2330 in
791 2265 879 2331 Filio

86 2397 95 2427 ,
116 2373 179 2501 1)θέ
196 2348 353 2436 Spiritum
373 2359 520 2414 sanetum
546 2371 605 2414 noe
627 2349 724 2415 etiam
744 2352 879 2438 adopta·

86 2457 137 2499 nn.
212 2437 262 2501 17.
652 2469 657 2479 =

101 2485 263 2620 BesJieetu
283 2519 413 2604 paterni
443 2521 569 2602 effeetus
596 2530 624 2583 et
645 2522 779 2604 omorio,
812 2541 877 2604 quo

86 2614 114 2669 ta
135 2604 259 2670 trinitas
282 2603 364 2669 sieut
383 2601 482 2667 Pater
508 2601 593 2667 filios
623 2603 717 2668 unioe
749 2603 880 2670 aduma-

86 2690 251 2774 ›eequitun
269 2692 326 2753 Ee.
349 2686 402 2765 49,
425 2688 475 2756 15.

97 2824 164 2889 Cur
185 2848 294 2891 nomeu
307 2822 414 2992 Patris
430 2825 607 2970 pffimittie
628 2825 662 2888 in
684 2825 835 2890 orationis

358 2931 447 2970 ormo
487 2955 494 2968 .

86 3007 107 3071 d
136 3005 337 3072 excitandam
363 3007 397 3072 in
424 3005 518 3071 nobie
540 3007 669 3072 filialem
692 3009 727 3072 in
746 3009 879 3074 Patrem

86 3115 141 3158 em
158 3092 324 3170 fiduciam,
345 3115 409 3177 qua
429 3091 553 3156 invitati
572 3093 686 3176 majori
707 3117 781 3159 eum
802 3115 879 3159 oon-

86 3200 98 3241 a
129 3177 279 3242 invocare
307 3177 410 3262 deque
431 3188 564 3326 Eatema
583 3178 652 3261 ejue
674 3179 878 3245 exauditione

86 3284 203 3348 equam
223 3261 369 3327 dubitare
390 3263 430 3327 de
455 3284 553 3327 emus.

684 3369 712 3414 te
