2250 3772
110 247 171 312 138
348 244 455 333 Caput
475 247 501 313 I.
544 248 596 312 De
619 247 783 334 decalogo.

197 415 246 480 76.
289 417 374 497 Quae
394 430 439 481 est
455 420 624 502 promissio
653 419 743 502 liujus
759 415 936 502 praecepti?

196 515 263 597 Qui
286 516 429 601 loquitur
449 518 614 583 veritatem
635 518 669 582 in
692 518 788 582 corde
810 538 879 601 suo,
901 525 933 580 ct
951 535 964 578 ι

109 601 248 665 detrahit
267 601 380 688 lingua
401 625 469 681 sua,
490 602 647 668 habitabit
667 603 701 666 in
722 600 929 667 tabernaculo
948 597 964 665 l

110 685 199 763 mini,
220 687 339 753 Poalru.
363 687 413 772 15,
432 689 461 753 3.

79 819 87 837 ·
109 880 135 926 a
152 803 295 942 θαὲὲιιῖοι
312 809 338 859 1.
356 807 433 862 Petr.
452 809 480 875 3,
498 809 542 860 10.
567 805 683 877 exempl.
701 804 831 874 Rachab‚
851 805 916 863 Joe.
934 806 962 873 2,

171 912 177 938 ,
238 913 244 925 .

231 979 281 1042 77.
320 977 405 1056 Quae
427 990 471 1041 eat
488 1001 592 1061 poena
613 978 703 1064 lapus
720 977 903 1062 praecepti?

194 1078 403 1144 Abominatio
442 1089 516 1143 sunt
550 1078 694 1142 Domino
725 1078 813 1142 labia
846 1077 964 1142 menda

110 1163 203 1230 Pecu.
224 1164 275 1240 12,
298 1165 349 1249 22,
382 1163 438 1248 qui
469 1163 582 1250 perdet
610 1185 738 1241 omnes,
770 1163 828 1247 qui
848 1162 964 1248 loquun

108 1247 319 1335 mendacium,
341 1250 464 1315 Psalm.
486 1249 516 1333 5,
539 1250 567 1314 7.

180 1364 338 1434 (Exemplae
358 1370 534 1420 accusatores
552 1364 708 1434 susannae,
728 1367 805 1419 Dan.
826 1367 871 1433 13,
891 1366 938 1424 62.
962 1409 964 1416 Α

109 1449 183 1501 man,
202 1433 282 1486 Eua
305 1435 327 1497 7,
349 1437 392 1488 10.
411 1434 544 1503 Ananias,
563 1436 662 1490 Actor.
683 1438 709 1495 5,
726 1439 753 1490 5.
770 1435 833 1500 cta.)

229 1586 445 1653 NONUM
481 1584 903 1654 PRAEOEPTUM.

208 1725 258 1791 78.
305 1723 468 1802 Quodnam
495 1698 539 1787 eat
564 1746 679 1787 acaum
700 1723 924 1808 praeceptum?

193 1824 269 1889 Non
287 1825 494 1911 concupisces
515 1825 647 1889 domum
667 1824 806 1911 proximi
827 1823 884 1888 tui.

209 1961 260 2033 79.
300 1961 387 2040 Quae
408 1973 453 2024 eat
473 1962 563 2046 liujus
578 1963 740 2045 praecepti
757 1961 925 2024 cententio?

193 2059 359 2125 Debemus
381 2062 489 2126 Deum
518 2061 630 2126 timere
655 2070 687 2125 et
708 2059 858 2146 diligere,
884 2084 927 2126 ne
948 2061 964 2125 h

108 2144 276 2210 reditatem
303 2145 354 2210 vel
382 2146 513 2210 domum
540 2143 680 2246 proximi
708 2146 808 2209 nostri
837 2145 915 2210 dolo
937 2169 964 2210 m

107 2239 282 2328 captemus,
303 2239 358 2293 aut
380 2231 439 2295 sub
462 2252 569 2330 specie
590 2229 668 2294 recti
682 2229 889 2294 facultatibus
904 2253 964 2295 nos

107 2313 319 2399 adjungamus
341 2315 398 2378 sed
418 2325 525 2401 potrus
547 2338 637 2391 eum,
656 2325 693 2378 ut
714 2336 788 2378 suas
806 2313 955 2381 fortunas

104 2408 212 2483 tegnas
233 2397 378 2477 retineat,
393 2399 551 2483 juvemus.

177 2515 265 2583 (Finis
283 2515 366 2585 hujus
403 2517 527 2586 raecepti
545 2522 589 2571 cst
602 2514 716 2570 interior
732 2515 855 2572 omnium
868 2516 964 2574 affecti

105 2583 251 2720 {psciptim
276 2601 344 2656 erga
371 2534 520 2641 ticulum
540 2589 569 2640 et
586 2584 786 2640 haereditatem
802 2585 924 2655 proximi
941 2607 964 2644 rr

157 2671 181 2708 o.

54 2810 60 2825 .
149 2758 200 2823 80.
239 2755 323 2834 Quid
348 2759 380 2820 iu
408 2757 464 2821 hoc
478 2768 646 2842 praecepto
671 2759 758 2821 uobis
774 2756 963 2842 prohibetur

191 2856 242 2922 Ne
263 2856 493 2921 haereditatem
519 2855 570 2921 vel
594 2856 727 2920 domum
744 2855 887 2955 proximi
911 2881 964 2923 nor

106 2943 181 3008 dolo
203 2943 288 3007 malo
310 2951 483 3027 captemus,
506 2952 561 3005 aut
583 2941 643 3005 sub
667 2962 773 3027 specre
791 2941 875 3026 juris
898 2942 953 3009 val

105 3027 148 3092 cti
169 3026 375 3092 facultatibus
395 3025 513 3090 nostris
534 3024 755 3111 adjungamus.

107 3219 111 3226 ,
176 3143 432 3226 (intellige-nativa
442 3142 534 3197 cordis
546 3148 575 3198 et
587 3141 829 3224 concupiscentiae
840 3140 964 3201 aalma

104 3229 193 3285 prava
209 3219 341 3268 antemon.
377 3211 413 3266 D.
430 3210 586 3292 Luthems·
597 3217 692 3266 autem
716 3229 746 3265 ιιι
769 3209 854 3292 hnpns
872 3227 964 3282 praec

104 3281 289 3353 explicatione
306 3280 560 3350 concupiscendam
578 3298 607 3334 m
623 3295 726 3352 genere
738 3279 906 3350 conadcrat,
923 3286 956 3337 et
