<?xml version="1.0" encoding="UTF-8"?>
<!DOCTYPE html PUBLIC "-//W3C//DTD XHTML 1.0 Transitional//EN"
    "http://www.w3.org/TR/xhtml1/DTD/xhtml1-transitional.dtd">
<html xmlns="http://www.w3.org/1999/xhtml" xml:lang="en" lang="en">
 <head>
  <title>
</title>
<meta http-equiv="Content-Type" content="text/html;charset=utf-8" />
  <meta name='ocr-system' content='tesseract 3.04.00' />
  <meta name='ocr-capabilities' content='ocr_page ocr_carea ocr_par ocr_line ocrx_word'/>
</head>
<body>
  <div class='ocr_page' id='page_1' title='image "./dconradidieteri00dietgoog_0094.png"; bbox 0 0 2250 3772; ppageno 0'>
   <div class='ocr_carea' id='block_1_1' title="bbox 351 240 1001 329">
    <p class='ocr_par' dir='ltr' id='par_1_1' title="bbox 351 240 1001 329">
     <span class='ocr_line' id='line_1_1' title="bbox 351 240 1001 329; baseline -0.008 -19"><span class='ocrx_word' id='word_1_1' title='bbox 351 244 499 310; x_wconf 92' lang='lat' dir='ltr'><strong>Primum</strong></span> <span class='ocrx_word' id='word_1_2' title='bbox 519 255 755 329; x_wconf 26' lang='lat' dir='ltr'><strong>praeceptum·</strong></span> <span class='ocrx_word' id='word_1_3' title='bbox 959 240 1001 309; x_wconf 89' lang='grc'><strong>61</strong></span> 
     </span>
    </p>
   </div>
   <div class='ocr_carea' id='block_1_2' title="bbox 100 409 1004 2269">
    <p class='ocr_par' dir='ltr' id='par_1_2' title="bbox 100 409 1004 2269">
     <span class='ocr_line' id='line_1_2' title="bbox 100 409 1002 469; baseline 0.002 -2"><span class='ocrx_word' id='word_1_4' title='bbox 100 412 291 469; x_wconf 74' lang='lat' dir='ltr'><strong>tlimorDei</strong></span> <span class='ocrx_word' id='word_1_5' title='bbox 311 419 335 468; x_wconf 86' lang='lat'><strong>3.</strong></span> <span class='ocrx_word' id='word_1_6' title='bbox 344 411 537 469; x_wconf 91' lang='lat' dir='ltr'><strong>DilectioDei.</strong></span> <span class='ocrx_word' id='word_1_7' title='bbox 561 418 585 467; x_wconf 87' lang='grc'><strong>4.</strong></span> <span class='ocrx_word' id='word_1_8' title='bbox 593 410 782 466; x_wconf 82' lang='lat' dir='ltr'><strong>FiduciaDsi.</strong></span> <span class='ocrx_word' id='word_1_9' title='bbox 809 418 832 467; x_wconf 84' lang='lat'><strong>5.</strong></span> <span class='ocrx_word' id='word_1_10' title='bbox 841 409 1002 469; x_wconf 88' lang='lat' dir='ltr'><strong>Humilitas.</strong></span> 
     </span>
     <span class='ocr_line' id='line_1_3' title="bbox 103 478 1004 552; baseline -0.001 -15"><span class='ocrx_word' id='word_1_11' title='bbox 103 481 284 538; x_wconf 56' lang='lat' dir='ltr'><strong>&amp;Patientia</strong></span> <span class='ocrx_word' id='word_1_12' title='bbox 319 489 343 538; x_wconf 85' lang='lat'><strong>7.</strong></span> <span class='ocrx_word' id='word_1_13' title='bbox 363 483 441 552; x_wconf 88' lang='lat' dir='ltr'><strong>Spes.</strong></span> <span class='ocrx_word' id='word_1_14' title='bbox 473 482 518 535; x_wconf 84' lang='lat' dir='ltr'><strong>Ex</strong></span> <span class='ocrx_word' id='word_1_15' title='bbox 535 481 667 536; x_wconf 73' lang='lat' dir='ltr'><strong>antithesi</strong></span> <span class='ocrx_word' id='word_1_16' title='bbox 686 497 751 535; x_wconf 84' lang='lat' dir='ltr'><strong>vero</strong></span> <span class='ocrx_word' id='word_1_17' title='bbox 768 496 845 551; x_wconf 87' lang='lat' dir='ltr'><strong>seqq.</strong></span> <span class='ocrx_word' id='word_1_18' title='bbox 862 478 1004 549; x_wconf 88' lang='lat' dir='ltr'><strong>prohibita</strong></span> 
     </span>
     <span class='ocr_line' id='line_1_4' title="bbox 107 547 1004 671; baseline 0.001 -66"><span class='ocrx_word' id='word_1_19' title='bbox 107 550 180 605; x_wconf 67' lang='lat' dir='ltr'><strong>ossa:</strong></span> <span class='ocrx_word' id='word_1_20' title='bbox 198 558 220 609; x_wconf 91' lang='grc'><strong>1.</strong></span> <span class='ocrx_word' id='word_1_21' title='bbox 233 550 398 623; x_wconf 79' lang='lat' dir='ltr'><strong>Ignorantia</strong></span> <span class='ocrx_word' id='word_1_22' title='bbox 414 550 473 606; x_wconf 84' lang='lat' dir='ltr'><strong>veri</strong></span> <span class='ocrx_word' id='word_1_23' title='bbox 484 547 546 619; x_wconf 89' lang='lat' dir='ltr'><strong>Dei,</strong></span> <span class='ocrx_word' id='word_1_24' title='bbox 563 566 695 604; x_wconf 83' lang='lat' dir='ltr'><strong>erroneas</strong></span> <span class='ocrx_word' id='word_1_25' title='bbox 713 553 741 603; x_wconf 90' lang='lat' dir='ltr'><strong>et</strong></span> <span class='ocrx_word' id='word_1_26' title='bbox 757 548 845 603; x_wconf 85' lang='lat' dir='ltr'><strong>falsas</strong></span> <span class='ocrx_word' id='word_1_27' title='bbox 861 549 1004 671; x_wconf 66' lang='lat' dir='ltr'><strong>oginiones</strong></span> 
     </span>
     <span class='ocr_line' id='line_1_5' title="bbox 111 616 1002 700; baseline 0.001 -27"><span class='ocrx_word' id='word_1_28' title='bbox 111 619 139 673; x_wconf 82' lang='lat' dir='ltr'><strong>dc</strong></span> <span class='ocrx_word' id='word_1_29' title='bbox 152 619 264 675; x_wconf 80' lang='lat' dir='ltr'><strong>essentia</strong></span> <span class='ocrx_word' id='word_1_30' title='bbox 281 636 316 675; x_wconf 86' lang='lat' dir='ltr'><strong>ac</strong></span> <span class='ocrx_word' id='word_1_31' title='bbox 339 619 482 674; x_wconf 79' lang='lat' dir='ltr'><strong>voluntate</strong></span> <span class='ocrx_word' id='word_1_32' title='bbox 499 618 567 685; x_wconf 86' lang='lat' dir='ltr'><strong>Dei,</strong></span> <span class='ocrx_word' id='word_1_33' title='bbox 591 616 812 700; x_wconf 77' lang='lat' dir='ltr'><strong>superstitiones,</strong></span> <span class='ocrx_word' id='word_1_34' title='bbox 836 617 882 672; x_wconf 93' lang='lat' dir='ltr'><strong>ido</strong></span> <span class='ocrx_word' id='word_1_35' title='bbox 894 618 1002 689; x_wconf 85' lang='lat' dir='ltr'><strong>olatria,</strong></span> 
     </span>
     <span class='ocr_line' id='line_1_6' title="bbox 112 686 1003 758; baseline 0.001 -17"><span class='ocrx_word' id='word_1_36' title='bbox 112 686 195 743; x_wconf 84' lang='lat' dir='ltr'><strong>tidsoia</strong></span> <span class='ocrx_word' id='word_1_37' title='bbox 208 689 239 742; x_wconf 91' lang='lat' dir='ltr'><strong>in</strong></span> <span class='ocrx_word' id='word_1_38' title='bbox 255 700 402 743; x_wconf 83' lang='lat' dir='ltr'><strong>creaturas</strong></span> <span class='ocrx_word' id='word_1_39' title='bbox 433 688 536 743; x_wconf 80' lang='lat' dir='ltr'><strong>Contra</strong></span> <span class='ocrx_word' id='word_1_40' title='bbox 553 687 607 742; x_wconf 91' lang='lat' dir='ltr'><strong>hoc</strong></span> <span class='ocrx_word' id='word_1_41' title='bbox 624 687 711 758; x_wconf 88' lang='lat' dir='ltr'><strong>1gitur</strong></span> <span class='ocrx_word' id='word_1_42' title='bbox 723 693 904 756; x_wconf 88' lang='lat' dir='ltr'><strong>praeceptum</strong></span> <span class='ocrx_word' id='word_1_43' title='bbox 916 686 1003 742; x_wconf 88' lang='lat' dir='ltr'><strong>dolin-</strong></span> 
     </span>
     <span class='ocr_line' id='line_1_7' title="bbox 116 755 1001 828; baseline -0.001 -17"><span class='ocrx_word' id='word_1_44' title='bbox 116 762 192 826; x_wconf 79' lang='lat' dir='ltr'><strong>qrsnt</strong></span> <span class='ocrx_word' id='word_1_45' title='bbox 206 757 254 828; x_wconf 84' lang='lat' dir='ltr'><strong>qni</strong></span> <span class='ocrx_word' id='word_1_46' title='bbox 270 757 317 812; x_wconf 88' lang='lat' dir='ltr'><strong>vel</strong></span> <span class='ocrx_word' id='word_1_47' title='bbox 334 757 443 811; x_wconf 90' lang='lat' dir='ltr'><strong>nullum</strong></span> <span class='ocrx_word' id='word_1_48' title='bbox 461 773 521 812; x_wconf 89' lang='lat' dir='ltr'><strong>esse</strong></span> <span class='ocrx_word' id='word_1_49' title='bbox 532 756 624 811; x_wconf 83' lang='lat' dir='ltr'><strong>Deum</strong></span> <span class='ocrx_word' id='word_1_50' title='bbox 642 756 761 810; x_wconf 89' lang='lat' dir='ltr'><strong>credunt</strong></span> <span class='ocrx_word' id='word_1_51' title='bbox 786 761 819 809; x_wconf 94' lang='lat' dir='ltr'><strong>ut</strong></span> <span class='ocrx_word' id='word_1_52' title='bbox 836 755 1001 825; x_wconf 85' lang='lat' dir='ltr'><strong>Epicuraei:</strong></span> 
     </span>
     <span class='ocr_line' id='line_1_8' title="bbox 117 796 1003 897; baseline 0.005 -20"><span class='ocrx_word' id='word_1_53' title='bbox 117 824 151 879; x_wconf 80' lang='lat' dir='ltr'><strong>sal</strong></span> <span class='ocrx_word' id='word_1_54' title='bbox 163 826 248 895; x_wconf 88' lang='lat' dir='ltr'><strong>plures</strong></span> <span class='ocrx_word' id='word_1_55' title='bbox 259 826 335 880; x_wconf 86' lang='lat' dir='ltr'><strong>Deos</strong></span> <span class='ocrx_word' id='word_1_56' title='bbox 352 824 471 897; x_wconf 83' lang='lat' dir='ltr'><strong>fingunt,</strong></span> <span class='ocrx_word' id='word_1_57' title='bbox 488 833 519 879; x_wconf 90' lang='lat' dir='ltr'><strong>ut</strong></span> <span class='ocrx_word' id='word_1_58' title='bbox 530 824 650 889; x_wconf 84' lang='lat' dir='ltr'><strong>Ethnici,</strong></span> <span class='ocrx_word' id='word_1_59' title='bbox 667 796 837 878; x_wconf 75' lang='lat' dir='ltr'><strong>Manichaei:</strong></span> <span class='ocrx_word' id='word_1_60' title='bbox 854 824 899 877; x_wconf 86' lang='lat' dir='ltr'><strong>vel</strong></span> <span class='ocrx_word' id='word_1_61' title='bbox 909 825 1003 881; x_wconf 84' lang='lat' dir='ltr'><strong>Deum</strong></span> 
     </span>
     <span class='ocr_line' id='line_1_9' title="bbox 118 893 1003 966; baseline 0.001 -19"><span class='ocrx_word' id='word_1_62' title='bbox 118 908 183 947; x_wconf 79' lang='lat' dir='ltr'><strong>mum</strong></span> <span class='ocrx_word' id='word_1_63' title='bbox 197 899 359 966; x_wconf 88' lang='lat' dir='ltr'><strong>agnoscunt,</strong></span> <span class='ocrx_word' id='word_1_64' title='bbox 375 912 432 949; x_wconf 90' lang='lat' dir='ltr'><strong>non</strong></span> <span class='ocrx_word' id='word_1_65' title='bbox 449 899 543 949; x_wconf 88' lang='lat' dir='ltr'><strong>tamen</strong></span> <span class='ocrx_word' id='word_1_66' title='bbox 559 899 592 947; x_wconf 92' lang='lat' dir='ltr'><strong>ut</strong></span> <span class='ocrx_word' id='word_1_67' title='bbox 611 910 640 947; x_wconf 88' lang='lat' dir='ltr'><strong>se</strong></span> <span class='ocrx_word' id='word_1_68' title='bbox 655 893 761 947; x_wconf 88' lang='lat' dir='ltr'><strong>ratione</strong></span> <span class='ocrx_word' id='word_1_69' title='bbox 780 893 923 962; x_wconf 80' lang='lat' dir='ltr'><strong>essentiae,</strong></span> <span class='ocrx_word' id='word_1_70' title='bbox 940 912 1003 965; x_wconf 84' lang='lat' dir='ltr'><strong>per·</strong></span> 
     </span>
     <span class='ocr_line' id='line_1_10' title="bbox 119 961 1003 1045; baseline 0.002 -28"><span class='ocrx_word' id='word_1_71' title='bbox 119 975 222 1017; x_wconf 77' lang='lat' dir='ltr'><strong>sunam</strong></span> <span class='ocrx_word' id='word_1_72' title='bbox 241 968 270 1018; x_wconf 88' lang='lat' dir='ltr'><strong>et</strong></span> <span class='ocrx_word' id='word_1_73' title='bbox 286 963 439 1018; x_wconf 83' lang='lat' dir='ltr'><strong>voluntatis</strong></span> <span class='ocrx_word' id='word_1_74' title='bbox 457 961 595 1045; x_wconf 71' lang='lat' dir='ltr'><strong>patefecit</strong></span> <span class='ocrx_word' id='word_1_75' title='bbox 608 962 638 1015; x_wconf 92' lang='lat' dir='ltr'><strong>in</strong></span> <span class='ocrx_word' id='word_1_76' title='bbox 654 961 753 1030; x_wconf 85' lang='lat' dir='ltr'><strong>verbo,</strong></span> <span class='ocrx_word' id='word_1_77' title='bbox 774 961 882 1028; x_wconf 83' lang='lat' dir='ltr'><strong>colunt,</strong></span> <span class='ocrx_word' id='word_1_78' title='bbox 904 967 937 1016; x_wconf 94' lang='lat' dir='ltr'><strong>ut</strong></span> <span class='ocrx_word' id='word_1_79' title='bbox 952 963 1003 1019; x_wconf 84' lang='lat' dir='ltr'><strong>Ju-</strong></span> 
     </span>
     <span class='ocr_line' id='line_1_11' title="bbox 119 1028 1004 1102; baseline 0.003 -17"><span class='ocrx_word' id='word_1_80' title='bbox 119 1028 176 1099; x_wconf 72' lang='lat' dir='ltr'><strong>aaa,</strong></span> <span class='ocrx_word' id='word_1_81' title='bbox 190 1030 388 1099; x_wconf 79' lang='lat' dir='ltr'><strong>lishometani,</strong></span> <span class='ocrx_word' id='word_1_82' title='bbox 405 1029 619 1098; x_wconf 82' lang='lat' dir='ltr'><strong>Antrtrinitarii,</strong></span> <span class='ocrx_word' id='word_1_83' title='bbox 642 1029 800 1100; x_wconf 86' lang='lat' dir='ltr'><strong>philosophi</strong></span> <span class='ocrx_word' id='word_1_84' title='bbox 818 1030 951 1102; x_wconf 85' lang='lat' dir='ltr'><strong>gentilos,</strong></span> <span class='ocrx_word' id='word_1_85' title='bbox 975 1038 1004 1088; x_wconf 86' lang='lat' dir='ltr'><strong>ct</strong></span> 
     </span>
     <span class='ocr_line' id='line_1_12' title="bbox 120 1096 1003 1169; baseline 0.005 -16"><span class='ocrx_word' id='word_1_86' title='bbox 120 1096 165 1153; x_wconf 85' lang='lat' dir='ltr'><strong>alii:</strong></span> <span class='ocrx_word' id='word_1_87' title='bbox 185 1101 226 1154; x_wconf 78' lang='lat' dir='ltr'><strong>vol</strong></span> <span class='ocrx_word' id='word_1_88' title='bbox 243 1117 339 1156; x_wconf 86' lang='lat' dir='ltr'><strong>verum</strong></span> <span class='ocrx_word' id='word_1_89' title='bbox 360 1100 531 1169; x_wconf 85' lang='lat' dir='ltr'><strong>patefactum</strong></span> <span class='ocrx_word' id='word_1_90' title='bbox 549 1099 641 1154; x_wconf 90' lang='lat' dir='ltr'><strong>Deum</strong></span> <span class='ocrx_word' id='word_1_91' title='bbox 658 1103 853 1169; x_wconf 81' lang='lat' dir='ltr'><strong>agnoscentes,</strong></span> <span class='ocrx_word' id='word_1_92' title='bbox 880 1100 941 1169; x_wconf 89' lang='lat' dir='ltr'><strong>ejus</strong></span> <span class='ocrx_word' id='word_1_93' title='bbox 959 1106 1003 1157; x_wconf 86' lang='lat' dir='ltr'><strong>ta·</strong></span> 
     </span>
     <span class='ocr_line' id='line_1_13' title="bbox 119 1167 1003 1239; baseline 0.003 -18"><span class='ocrx_word' id='word_1_94' title='bbox 119 1181 167 1221; x_wconf 85' lang='lat' dir='ltr'><strong>nan</strong></span> <span class='ocrx_word' id='word_1_95' title='bbox 187 1170 310 1239; x_wconf 85' lang='lat' dir='ltr'><strong>propria,</strong></span> <span class='ocrx_word' id='word_1_96' title='bbox 338 1169 444 1222; x_wconf 91' lang='lat' dir='ltr'><strong>cultum</strong></span> <span class='ocrx_word' id='word_1_97' title='bbox 472 1168 602 1222; x_wconf 91' lang='lat' dir='ltr'><strong>nimirum</strong></span> <span class='ocrx_word' id='word_1_98' title='bbox 630 1167 827 1236; x_wconf 79' lang='lat' dir='ltr'><strong>invocationis,</strong></span> <span class='ocrx_word' id='word_1_99' title='bbox 859 1170 1003 1238; x_wconf 86' lang='lat' dir='ltr'><strong>creaturis,</strong></span> 
     </span>
     <span class='ocr_line' id='line_1_14' title="bbox 119 1236 1003 1317; baseline 0.002 -25"><span class='ocrx_word' id='word_1_100' title='bbox 119 1236 201 1317; x_wconf 70' lang='lat' dir='ltr'><strong>ngcls</strong></span> <span class='ocrx_word' id='word_1_101' title='bbox 217 1244 245 1292; x_wconf 88' lang='lat' dir='ltr'><strong>et</strong></span> <span class='ocrx_word' id='word_1_102' title='bbox 262 1240 366 1292; x_wconf 89' lang='lat' dir='ltr'><strong>sanctis</strong></span> <span class='ocrx_word' id='word_1_103' title='bbox 384 1237 558 1292; x_wconf 78' lang='lat' dir='ltr'><strong>idololatr-ico</strong></span> <span class='ocrx_word' id='word_1_104' title='bbox 575 1237 716 1304; x_wconf 90' lang='lat' dir='ltr'><strong>tribuunt,</strong></span> <span class='ocrx_word' id='word_1_105' title='bbox 737 1240 770 1290; x_wconf 93' lang='lat' dir='ltr'><strong>ut</strong></span> <span class='ocrx_word' id='word_1_106' title='bbox 788 1236 936 1306; x_wconf 83' lang='lat' dir='ltr'><strong>pontificii:</strong></span> <span class='ocrx_word' id='word_1_107' title='bbox 960 1245 1003 1294; x_wconf 89' lang='lat' dir='ltr'><strong>est</strong></span> 
     </span>
     <span class='ocr_line' id='line_1_15' title="bbox 119 1305 1003 1370; baseline 0.003 -11"><span class='ocrx_word' id='word_1_108' title='bbox 119 1318 174 1359; x_wconf 75' lang='lat' dir='ltr'><strong>mm</strong></span> <span class='ocrx_word' id='word_1_109' title='bbox 188 1305 352 1361; x_wconf 84' lang='lat' dir='ltr'><strong>idololatria</strong></span> <span class='ocrx_word' id='word_1_110' title='bbox 364 1323 421 1361; x_wconf 91' lang='lat' dir='ltr'><strong>non</strong></span> <span class='ocrx_word' id='word_1_111' title='bbox 441 1312 564 1368; x_wconf 85' lang='lat' dir='ltr'><strong>tantum,</strong></span> <span class='ocrx_word' id='word_1_112' title='bbox 590 1322 653 1360; x_wconf 89' lang='lat' dir='ltr'><strong>cum</strong></span> <span class='ocrx_word' id='word_1_113' title='bbox 681 1305 781 1360; x_wconf 91' lang='lat' dir='ltr'><strong>colitur</strong></span> <span class='ocrx_word' id='word_1_114' title='bbox 823 1322 853 1359; x_wconf 87' lang='lat' dir='ltr'><strong>ro</strong></span> <span class='ocrx_word' id='word_1_115' title='bbox 872 1305 949 1370; x_wconf 89' lang='lat' dir='ltr'><strong>Deo,</strong></span> <span class='ocrx_word' id='word_1_116' title='bbox 972 1307 1003 1362; x_wconf 91' lang='lat' dir='ltr'><strong>id</strong></span> 
     </span>
     <span class='ocr_line' id='line_1_16' title="bbox 119 1373 1004 1456; baseline 0.003 -28"><span class='ocrx_word' id='word_1_117' title='bbox 119 1373 175 1441; x_wconf 81' lang='lat' dir='ltr'><strong>qaod</strong></span> <span class='ocrx_word' id='word_1_118' title='bbox 188 1373 262 1430; x_wconf 86' lang='lat' dir='ltr'><strong>Deus</strong></span> <span class='ocrx_word' id='word_1_119' title='bbox 280 1379 409 1443; x_wconf 87' lang='lat' dir='ltr'><strong>nonest,</strong></span> <span class='ocrx_word' id='word_1_120' title='bbox 433 1375 483 1429; x_wconf 81' lang='lat' dir='ltr'><strong>sed</strong></span> <span class='ocrx_word' id='word_1_121' title='bbox 499 1381 528 1429; x_wconf 87' lang='lat' dir='ltr'><strong>et</strong></span> <span class='ocrx_word' id='word_1_122' title='bbox 546 1391 610 1428; x_wconf 87' lang='lat' dir='ltr'><strong>oum</strong></span> <span class='ocrx_word' id='word_1_123' title='bbox 625 1374 655 1427; x_wconf 91' lang='lat' dir='ltr'><strong>in</strong></span> <span class='ocrx_word' id='word_1_124' title='bbox 672 1373 789 1454; x_wconf 81' lang='lat' dir='ltr'><strong>modos</strong></span> <span class='ocrx_word' id='word_1_125' title='bbox 820 1380 865 1427; x_wconf 85' lang='lat' dir='ltr'><strong>tus</strong></span> <span class='ocrx_word' id='word_1_126' title='bbox 887 1383 1004 1456; x_wconf 75' lang='lat' dir='ltr'><strong>erratur,</strong></span> 
     </span>
     <span class='ocr_line' id='line_1_17' title="bbox 118 1441 1003 1591; baseline 0.001 -24"><span class='ocrx_word' id='word_1_127' title='bbox 118 1456 273 1567; x_wconf 60' lang='grc' dir='ltr'><strong>ἫἝ</strong></span> <span class='ocrx_word' id='word_1_128' title='bbox 289 1460 376 1566; x_wconf 68' lang='lat' dir='ltr'><strong>tte</strong></span> <span class='ocrx_word' id='word_1_129' title='bbox 394 1441 692 1581; x_wconf 57' lang='lat' dir='ltr'><strong>liidffltessii</strong></span> <span class='ocrx_word' id='word_1_130' title='bbox 710 1442 774 1566; x_wconf 66' lang='lat' dir='ltr'><strong>al</strong></span> <span class='ocrx_word' id='word_1_131' title='bbox 790 1442 1003 1591; x_wconf 51' lang='lat' dir='ltr'><strong>sltem</strong></span> 
     </span>
     <span class='ocr_line' id='line_1_18' title="bbox 202 1580 1002 1650; baseline 0.004 -15"><span class='ocrx_word' id='word_1_132' title='bbox 202 1581 238 1635; x_wconf 89' lang='lat' dir='ltr'><strong>ad</strong></span> <span class='ocrx_word' id='word_1_133' title='bbox 255 1586 363 1635; x_wconf 88' lang='lat' dir='ltr'><strong>statuas</strong></span> <span class='ocrx_word' id='word_1_134' title='bbox 381 1580 489 1644; x_wconf 82' lang='lat' dir='ltr'><strong>colunt,</strong></span> <span class='ocrx_word' id='word_1_135' title='bbox 512 1585 581 1634; x_wconf 91' lang='lat' dir='ltr'><strong>sunt</strong></span> <span class='ocrx_word' id='word_1_136' title='bbox 597 1580 776 1647; x_wconf 87' lang='lat' dir='ltr'><strong>idololatrae,</strong></span> <span class='ocrx_word' id='word_1_137' title='bbox 800 1596 868 1650; x_wconf 82' lang='lat' dir='ltr'><strong>quia</strong></span> <span class='ocrx_word' id='word_1_138' title='bbox 890 1589 1002 1650; x_wconf 85' lang='lat' dir='ltr'><strong>praeter</strong></span> 
     </span>
     <span class='ocr_line' id='line_1_19' title="bbox 118 1648 1003 1720; baseline 0.005 -21"><span class='ocrx_word' id='word_1_139' title='bbox 118 1650 235 1704; x_wconf 71' lang='lat' dir='ltr'><strong>deonna</strong></span> <span class='ocrx_word' id='word_1_140' title='bbox 250 1650 423 1704; x_wconf 86' lang='lat' dir='ltr'><strong>voluntatem</strong></span> <span class='ocrx_word' id='word_1_141' title='bbox 442 1649 499 1704; x_wconf 85' lang='lat' dir='ltr'><strong>Dei</strong></span> <span class='ocrx_word' id='word_1_142' title='bbox 516 1649 609 1719; x_wconf 85' lang='lat' dir='ltr'><strong>ipsum</strong></span> <span class='ocrx_word' id='word_1_143' title='bbox 625 1648 665 1702; x_wconf 87' lang='lat' dir='ltr'><strong>sio</strong></span> <span class='ocrx_word' id='word_1_144' title='bbox 682 1648 790 1715; x_wconf 88' lang='lat' dir='ltr'><strong>colunt,</strong></span> <span class='ocrx_word' id='word_1_145' title='bbox 808 1648 846 1702; x_wconf 87' lang='lat' dir='ltr'><strong>ad</strong></span> <span class='ocrx_word' id='word_1_146' title='bbox 862 1667 932 1720; x_wconf 89' lang='lat' dir='ltr'><strong>quas</strong></span> <span class='ocrx_word' id='word_1_147' title='bbox 948 1652 1003 1707; x_wconf 91' lang='lat' dir='ltr'><strong>coli</strong></span> 
     </span>
     <span class='ocr_line' id='line_1_20' title="bbox 118 1714 1003 1789; baseline 0.007 -20"><span class='ocrx_word' id='word_1_148' title='bbox 118 1730 159 1769; x_wconf 87' lang='lat' dir='ltr'><strong>non</strong></span> <span class='ocrx_word' id='word_1_149' title='bbox 172 1718 233 1772; x_wconf 86' lang='lat' dir='ltr'><strong>vult.</strong></span> <span class='ocrx_word' id='word_1_150' title='bbox 267 1718 381 1772; x_wconf 82' lang='lat' dir='ltr'><strong>Mutant</strong></span> <span class='ocrx_word' id='word_1_151' title='bbox 396 1717 483 1789; x_wconf 89' lang='lat' dir='ltr'><strong>igitur</strong></span> <span class='ocrx_word' id='word_1_152' title='bbox 500 1718 673 1773; x_wconf 86' lang='lat' dir='ltr'><strong>voluntatem</strong></span> <span class='ocrx_word' id='word_1_153' title='bbox 689 1714 759 1785; x_wconf 86' lang='lat' dir='ltr'><strong>Dei,</strong></span> <span class='ocrx_word' id='word_1_154' title='bbox 783 1723 891 1771; x_wconf 90' lang='lat' dir='ltr'><strong>mutata</strong></span> <span class='ocrx_word' id='word_1_155' title='bbox 908 1726 1003 1775; x_wconf 91' lang='lat' dir='ltr'><strong>autem</strong></span> 
     </span>
     <span class='ocr_line' id='line_1_21' title="bbox 116 1783 1003 1844; baseline 0.005 -5"><span class='ocrx_word' id='word_1_156' title='bbox 116 1783 234 1842; x_wconf 71' lang='lat' dir='ltr'><strong>mune</strong></span> <span class='ocrx_word' id='word_1_157' title='bbox 250 1786 306 1842; x_wconf 91' lang='lat' dir='ltr'><strong>Dei</strong></span> <span class='ocrx_word' id='word_1_158' title='bbox 324 1787 473 1841; x_wconf 86' lang='lat' dir='ltr'><strong>mutaturi</strong></span> <span class='ocrx_word' id='word_1_159' title='bbox 493 1804 523 1841; x_wconf 90' lang='lat' dir='ltr'><strong>sc</strong></span> <span class='ocrx_word' id='word_1_160' title='bbox 541 1786 626 1841; x_wconf 88' lang='lat' dir='ltr'><strong>Deus.</strong></span> <span class='ocrx_word' id='word_1_161' title='bbox 669 1791 693 1841; x_wconf 81' lang='lat'><strong>2.</strong></span> <span class='ocrx_word' id='word_1_162' title='bbox 719 1785 859 1840; x_wconf 87' lang='lat' dir='ltr'><strong>Securitas</strong></span> <span class='ocrx_word' id='word_1_163' title='bbox 883 1788 1003 1844; x_wconf 84' lang='lat' dir='ltr'><strong>carnalis</strong></span> 
     </span>
     <span class='ocr_line' id='line_1_22' title="bbox 117 1805 1003 1935; baseline 0.006 -30"><span class='ocrx_word' id='word_1_164' title='bbox 117 1854 248 1910; x_wconf 71' lang='lat' dir='ltr'><strong>aarum</strong></span> <span class='ocrx_word' id='word_1_165' title='bbox 269 1861 316 1909; x_wconf 92' lang='lat' dir='ltr'><strong>tus</strong></span> <span class='ocrx_word' id='word_1_166' title='bbox 336 1854 399 1910; x_wconf 88' lang='lat' dir='ltr'><strong>Dei.</strong></span> <span class='ocrx_word' id='word_1_167' title='bbox 431 1861 455 1910; x_wconf 88' lang='grc'><strong>3.</strong></span> <span class='ocrx_word' id='word_1_168' title='bbox 469 1805 572 1911; x_wconf 69' lang='lat' dir='ltr'><strong>iidium</strong></span> <span class='ocrx_word' id='word_1_169' title='bbox 586 1855 650 1921; x_wconf 89' lang='lat' dir='ltr'><strong>Dei,</strong></span> <span class='ocrx_word' id='word_1_170' title='bbox 668 1853 807 1935; x_wconf 81' lang='lat' dir='ltr'><strong>simulatio</strong></span> <span class='ocrx_word' id='word_1_171' title='bbox 825 1856 925 1910; x_wconf 87' lang='lat' dir='ltr'><strong>amoris</strong></span> <span class='ocrx_word' id='word_1_172' title='bbox 940 1857 1003 1926; x_wconf 86' lang='lat' dir='ltr'><strong>Dei,</strong></span> 
     </span>
     <span class='ocr_line' id='line_1_23' title="bbox 116 1922 934 1979; baseline 0.004 -4"><span class='ocrx_word' id='word_1_173' title='bbox 116 1933 176 1975; x_wconf 81' lang='lat' dir='ltr'><strong>anor</strong></span> <span class='ocrx_word' id='word_1_174' title='bbox 189 1923 233 1979; x_wconf 91' lang='lat' dir='ltr'><strong>ino</strong></span> <span class='ocrx_word' id='word_1_175' title='bbox 268 1924 363 1978; x_wconf 89' lang='lat' dir='ltr'><strong>inatus</strong></span> <span class='ocrx_word' id='word_1_176' title='bbox 381 1924 424 1977; x_wconf 87' lang='lat' dir='ltr'><strong>sui</strong></span> <span class='ocrx_word' id='word_1_177' title='bbox 442 1929 470 1978; x_wconf 86' lang='lat' dir='ltr'><strong>et</strong></span> <span class='ocrx_word' id='word_1_178' title='bbox 488 1932 685 1979; x_wconf 88' lang='lat' dir='ltr'><strong>creaturarum.</strong></span> <span class='ocrx_word' id='word_1_179' title='bbox 723 1928 748 1977; x_wconf 76' lang='grc'><strong>4.</strong></span> <span class='ocrx_word' id='word_1_180' title='bbox 772 1922 892 1978; x_wconf 78' lang='lat' dir='ltr'><strong>Fiducia</strong></span> <span class='ocrx_word' id='word_1_181' title='bbox 915 1924 934 1978; x_wconf 90' lang='lat' dir='ltr'><strong>h</strong></span> 
     </span>
     <span class='ocr_line' id='line_1_24' title="bbox 115 1988 1003 2061; baseline 0.001 -14"><span class='ocrx_word' id='word_1_182' title='bbox 115 1988 203 2059; x_wconf 66' lang='lat' dir='ltr'><strong>ttifios,</strong></span> <span class='ocrx_word' id='word_1_183' title='bbox 217 1992 366 2061; x_wconf 84' lang='lat' dir='ltr'><strong>dubitatio,</strong></span> <span class='ocrx_word' id='word_1_184' title='bbox 384 1992 540 2047; x_wconf 84' lang='lat' dir='ltr'><strong>diffidentia</strong></span> <span class='ocrx_word' id='word_1_185' title='bbox 557 2009 587 2046; x_wconf 88' lang='lat' dir='ltr'><strong>er</strong></span> <span class='ocrx_word' id='word_1_186' title='bbox 608 2010 626 2047; x_wconf 87' lang='lat' dir='ltr'><strong>a</strong></span> <span class='ocrx_word' id='word_1_187' title='bbox 646 1992 746 2053; x_wconf 85' lang='lat' dir='ltr'><strong>Deum,</strong></span> <span class='ocrx_word' id='word_1_188' title='bbox 766 1990 935 2047; x_wconf 87' lang='lat' dir='ltr'><strong>confidentia</strong></span> <span class='ocrx_word' id='word_1_189' title='bbox 970 2013 1003 2048; x_wconf 91' lang='lat' dir='ltr'><strong>u·</strong></span> 
     </span>
     <span class='ocr_line' id='line_1_25' title="bbox 116 2010 1003 2142; baseline 0.002 -27"><span class='ocrx_word' id='word_1_190' title='bbox 116 2071 234 2116; x_wconf 71' lang='lat' dir='ltr'><strong>morum</strong></span> <span class='ocrx_word' id='word_1_191' title='bbox 249 2061 423 2142; x_wconf 51' lang='lat' dir='ltr'><strong>auxiliorum:</strong></span> <span class='ocrx_word' id='word_1_192' title='bbox 460 2068 483 2117; x_wconf 84' lang='lat'><strong>5.</strong></span> <span class='ocrx_word' id='word_1_193' title='bbox 501 2010 653 2115; x_wconf 60' lang='lat' dir='ltr'><strong>Humifitas</strong></span> <span class='ocrx_word' id='word_1_194' title='bbox 671 2060 809 2141; x_wconf 79' lang='lat' dir='ltr'><strong>simulata,</strong></span> <span class='ocrx_word' id='word_1_195' title='bbox 826 2061 958 2130; x_wconf 89' lang='lat' dir='ltr'><strong>superbia</strong></span> <span class='ocrx_word' id='word_1_196' title='bbox 974 2069 1003 2117; x_wconf 91' lang='lat' dir='ltr'><strong>st</strong></span> 
     </span>
     <span class='ocr_line' id='line_1_26' title="bbox 209 2129 1004 2200; baseline 0.004 -15"><span class='ocrx_word' id='word_1_197' title='bbox 209 2130 257 2185; x_wconf 88' lang='lat' dir='ltr'><strong>tia.</strong></span> <span class='ocrx_word' id='word_1_198' title='bbox 287 2136 312 2185; x_wconf 89' lang='grc'><strong>6.</strong></span> <span class='ocrx_word' id='word_1_199' title='bbox 323 2129 501 2200; x_wconf 81' lang='lat' dir='ltr'><strong>Impatientia</strong></span> <span class='ocrx_word' id='word_1_200' title='bbox 519 2136 547 2184; x_wconf 93' lang='lat' dir='ltr'><strong>et</strong></span> <span class='ocrx_word' id='word_1_201' title='bbox 564 2134 743 2184; x_wconf 80' lang='lat' dir='ltr'><strong>murmuratio</strong></span> <span class='ocrx_word' id='word_1_202' title='bbox 758 2129 891 2184; x_wconf 86' lang='lat' dir='ltr'><strong>adversus</strong></span> <span class='ocrx_word' id='word_1_203' title='bbox 903 2130 1004 2188; x_wconf 89' lang='lat' dir='ltr'><strong>Deum.</strong></span> 
     </span>
     <span class='ocr_line' id='line_1_27' title="bbox 116 2196 584 2269; baseline 0 -15"><span class='ocrx_word' id='word_1_204' title='bbox 116 2196 136 2247; x_wconf 72' lang='grc' dir='ltr'><strong>Ἰ·</strong></span> <span class='ocrx_word' id='word_1_205' title='bbox 279 2197 306 2254; x_wconf 84' lang='lat' dir='ltr'><strong>&#39;o</strong></span> <span class='ocrx_word' id='word_1_206' title='bbox 330 2204 358 2255; x_wconf 86' lang='lat' dir='ltr'><strong>et</strong></span> <span class='ocrx_word' id='word_1_207' title='bbox 376 2199 584 2269; x_wconf 88' lang='lat' dir='ltr'><strong>praesumptio.)</strong></span> 
     </span>
    </p>
   </div>
   <div class='ocr_carea' id='block_1_3' title="bbox 114 2308 1004 2740">
    <p class='ocr_par' dir='ltr' id='par_1_3' title="bbox 114 2308 1004 2740">
     <span class='ocr_line' id='line_1_28' title="bbox 116 2308 1003 2418; baseline 0.008 -42"><span class='ocrx_word' id='word_1_208' title='bbox 116 2308 155 2376; x_wconf 75' lang='lat'><strong>25.</strong></span> <span class='ocrx_word' id='word_1_209' title='bbox 179 2317 348 2404; x_wconf 77' lang='lat' dir='ltr'><strong>Antequam</strong></span> <span class='ocrx_word' id='word_1_210' title='bbox 377 2321 421 2383; x_wconf 81' lang='lat' dir='ltr'><strong>ad</strong></span> <span class='ocrx_word' id='word_1_211' title='bbox 443 2331 646 2418; x_wconf 73' lang='lat' dir='ltr'><strong>praeceptum</strong></span> <span class='ocrx_word' id='word_1_212' title='bbox 666 2320 829 2382; x_wconf 81' lang='lat' dir='ltr'><strong>secundam</strong></span> <span class='ocrx_word' id='word_1_213' title='bbox 850 2322 1003 2397; x_wconf 80' lang='lat' dir='ltr'><strong>accedam,</strong></span> 
     </span>
     <span class='ocr_line' id='line_1_29' title="bbox 118 2394 1004 2487; baseline 0.009 -24"><span class='ocrx_word' id='word_1_214' title='bbox 118 2394 179 2463; x_wconf 69' lang='lat' dir='ltr'><strong>laist</strong></span> <span class='ocrx_word' id='word_1_215' title='bbox 200 2424 361 2487; x_wconf 70' lang='lat' dir='ltr'><strong>quaerere,</strong></span> <span class='ocrx_word' id='word_1_216' title='bbox 395 2424 449 2485; x_wconf 82' lang='lat' dir='ltr'><strong>quc</strong></span> <span class='ocrx_word' id='word_1_217' title='bbox 469 2406 549 2481; x_wconf 76' lang='lat' dir='ltr'><strong>fiat,</strong></span> <span class='ocrx_word' id='word_1_218' title='bbox 576 2404 662 2487; x_wconf 82' lang='lat' dir='ltr'><strong>qaod</strong></span> <span class='ocrx_word' id='word_1_219' title='bbox 688 2424 750 2464; x_wconf 81' lang='lat' dir='ltr'><strong>aon</strong></span> <span class='ocrx_word' id='word_1_220' title='bbox 780 2404 884 2465; x_wconf 82' lang='lat' dir='ltr'><strong>omnia</strong></span> <span class='ocrx_word' id='word_1_221' title='bbox 910 2408 1004 2471; x_wconf 72' lang='lat' dir='ltr'><strong>acrba</strong></span> 
     </span>
     <span class='ocr_line' id='line_1_30' title="bbox 118 2480 1004 2573; baseline -0.001 -20"><span class='ocrx_word' id='word_1_222' title='bbox 118 2480 231 2570; x_wconf 53' lang='lat' dir='ltr'><strong>&amp;aaa</strong></span> <span class='ocrx_word' id='word_1_223' title='bbox 243 2488 367 2553; x_wconf 78' lang='lat' dir='ltr'><strong>totidem</strong></span> <span class='ocrx_word' id='word_1_224' title='bbox 385 2488 485 2551; x_wconf 82' lang='lat' dir='ltr'><strong>verbis</strong></span> <span class='ocrx_word' id='word_1_225' title='bbox 505 2488 621 2562; x_wconf 71' lang='lat' dir='ltr'><strong>reatos,</strong></span> <span class='ocrx_word' id='word_1_226' title='bbox 643 2498 715 2571; x_wconf 81' lang='lat' dir='ltr'><strong>quot</strong></span> <span class='ocrx_word' id='word_1_227' title='bbox 730 2488 818 2551; x_wconf 79' lang='lat' dir='ltr'><strong>Deus</strong></span> <span class='ocrx_word' id='word_1_228' title='bbox 841 2489 907 2570; x_wconf 72' lang='lat' dir='ltr'><strong>s&#39;pw</strong></span> <span class='ocrx_word' id='word_1_229' title='bbox 922 2513 1004 2573; x_wconf 83' lang='lat' dir='ltr'><strong>pro-</strong></span> 
     </span>
     <span class='ocr_line' id='line_1_31' title="bbox 114 2567 1004 2657; baseline 0.004 -23"><span class='ocrx_word' id='word_1_230' title='bbox 114 2567 173 2645; x_wconf 68' lang='lat' dir='ltr'><strong>ptia</strong></span> <span class='ocrx_word' id='word_1_231' title='bbox 191 2594 246 2634; x_wconf 84' lang='lat' dir='ltr'><strong>saa</strong></span> <span class='ocrx_word' id='word_1_232' title='bbox 264 2595 362 2634; x_wconf 78' lang='lat' dir='ltr'><strong>manu</strong></span> <span class='ocrx_word' id='word_1_233' title='bbox 376 2573 489 2634; x_wconf 79' lang='lat' dir='ltr'><strong>tabulis</strong></span> <span class='ocrx_word' id='word_1_234' title='bbox 503 2573 633 2655; x_wconf 81' lang='lat' dir='ltr'><strong>lapideis</strong></span> <span class='ocrx_word' id='word_1_235' title='bbox 647 2572 816 2655; x_wconf 60' lang='lat' dir='ltr'><strong>insumpsit,</strong></span> <span class='ocrx_word' id='word_1_236' title='bbox 834 2584 862 2636; x_wconf 85' lang='lat' dir='ltr'><strong>et</strong></span> <span class='ocrx_word' id='word_1_237' title='bbox 876 2572 1004 2657; x_wconf 77' lang='lat' dir='ltr'><strong>Moyses</strong></span> 
     </span>
     <span class='ocr_line' id='line_1_32' title="bbox 171 2656 934 2740; baseline 0.004 -25"><span class='ocrx_word' id='word_1_238' title='bbox 171 2658 257 2718; x_wconf 81' lang='lat' dir='ltr'><strong>stiam</strong></span> <span class='ocrx_word' id='word_1_239' title='bbox 278 2658 322 2719; x_wconf 83' lang='lat' dir='ltr'><strong>ad</strong></span> <span class='ocrx_word' id='word_1_240' title='bbox 344 2658 528 2719; x_wconf 78' lang='lat' dir='ltr'><strong>mandatum</strong></span> <span class='ocrx_word' id='word_1_241' title='bbox 549 2656 683 2718; x_wconf 78' lang='lat' dir='ltr'><strong>Domini</strong></span> <span class='ocrx_word' id='word_1_242' title='bbox 697 2656 934 2740; x_wconf 56' lang='lat' dir='ltr'><strong>promulgavit?</strong></span> 
     </span>
    </p>
   </div>
   <div class='ocr_carea' id='block_1_4' title="bbox 122 2762 1008 3358">
    <p class='ocr_par' dir='ltr' id='par_1_4' title="bbox 122 2762 1008 3358">
     <span class='ocr_line' id='line_1_33' title="bbox 182 2762 919 2847; baseline 0.001 -20"><span class='ocrx_word' id='word_1_243' title='bbox 182 2762 217 2827; x_wconf 88' lang='lat' dir='ltr'><strong>Id</strong></span> <span class='ocrx_word' id='word_1_244' title='bbox 237 2763 369 2847; x_wconf 90' lang='lat' dir='ltr'><strong>quidem</strong></span> <span class='ocrx_word' id='word_1_245' title='bbox 387 2785 489 2846; x_wconf 90' lang='lat' dir='ltr'><strong>usque</strong></span> <span class='ocrx_word' id='word_1_246' title='bbox 510 2763 591 2830; x_wconf 87' lang='lat' dir='ltr'><strong>adeo</strong></span> <span class='ocrx_word' id='word_1_247' title='bbox 612 2784 743 2827; x_wconf 88' lang='lat' dir='ltr'><strong>necesse</strong></span> <span class='ocrx_word' id='word_1_248' title='bbox 763 2785 830 2839; x_wconf 80' lang='lat' dir='ltr'><strong>non</strong></span> <span class='ocrx_word' id='word_1_249' title='bbox 850 2774 919 2828; x_wconf 87' lang='lat' dir='ltr'><strong>est:</strong></span> 
     </span>
     <span class='ocr_line' id='line_1_34' title="bbox 183 2844 1005 2933; baseline 0.001 -22"><span class='ocrx_word' id='word_1_250' title='bbox 183 2844 264 2927; x_wconf 80' lang='lat' dir='ltr'><strong>Quia</strong></span> <span class='ocrx_word' id='word_1_251' title='bbox 296 2848 325 2911; x_wconf 93' lang='lat'><strong>1.</strong></span> <span class='ocrx_word' id='word_1_252' title='bbox 358 2848 516 2931; x_wconf 87' lang='lat' dir='ltr'><strong>quaedam</strong></span> <span class='ocrx_word' id='word_1_253' title='bbox 544 2848 579 2911; x_wconf 94' lang='lat' dir='ltr'><strong>in</strong></span> <span class='ocrx_word' id='word_1_254' title='bbox 607 2847 762 2933; x_wconf 86' lang='lat' dir='ltr'><strong>decalogo</strong></span> <span class='ocrx_word' id='word_1_255' title='bbox 794 2847 1005 2926; x_wconf 88' lang='lat' dir='ltr'><strong>continentur,</strong></span> 
     </span>
     <span class='ocr_line' id='line_1_35' title="bbox 122 2932 1005 3017; baseline 0.008 -26"><span class='ocrx_word' id='word_1_256' title='bbox 122 2942 184 3004; x_wconf 78' lang='lat' dir='ltr'><strong>quas</strong></span> <span class='ocrx_word' id='word_1_257' title='bbox 205 2955 270 2997; x_wconf 90' lang='lat' dir='ltr'><strong>non</strong></span> <span class='ocrx_word' id='word_1_258' title='bbox 294 2954 404 2997; x_wconf 90' lang='lat' dir='ltr'><strong>omnes</strong></span> <span class='ocrx_word' id='word_1_259' title='bbox 431 2932 576 2997; x_wconf 89' lang='lat' dir='ltr'><strong>homines</strong></span> <span class='ocrx_word' id='word_1_260' title='bbox 605 2932 639 2995; x_wconf 91' lang='lat' dir='ltr'><strong>in</strong></span> <span class='ocrx_word' id='word_1_261' title='bbox 665 2953 782 3017; x_wconf 85' lang='lat' dir='ltr'><strong>genere</strong></span> <span class='ocrx_word' id='word_1_262' title='bbox 805 2943 836 2995; x_wconf 90' lang='lat' dir='ltr'><strong>et</strong></span> <span class='ocrx_word' id='word_1_263' title='bbox 859 2933 1005 2998; x_wconf 85' lang='lat' dir='ltr'><strong>absolute</strong></span> 
     </span>
     <span class='ocr_line' id='line_1_36' title="bbox 123 3004 1006 3166; baseline 0.003 -86"><span class='ocrx_word' id='word_1_264' title='bbox 123 3004 256 3166; x_wconf 40' lang='lat' dir='ltr'><strong>Qec&amp;</strong></span> <span class='ocrx_word' id='word_1_265' title='bbox 269 3016 505 3116; x_wconf 28' lang='lat' dir='ltr'><strong>sedlpertinent</strong></span> <span class='ocrx_word' id='word_1_266' title='bbox 524 3027 648 3082; x_wconf 85' lang='lat' dir='ltr'><strong>tantum</strong></span> <span class='ocrx_word' id='word_1_267' title='bbox 669 3017 711 3081; x_wconf 86' lang='lat' dir='ltr'><strong>ad</strong></span> <span class='ocrx_word' id='word_1_268' title='bbox 731 3016 876 3085; x_wconf 79' lang='lat' dir='ltr'><strong>Judaeos</strong></span> <span class='ocrx_word' id='word_1_269' title='bbox 897 3028 929 3083; x_wconf 89' lang='lat' dir='ltr'><strong>et</strong></span> <span class='ocrx_word' id='word_1_270' title='bbox 946 3041 1006 3106; x_wconf 90' lang='lat' dir='ltr'><strong>po·</strong></span> 
     </span>
     <span class='ocr_line' id='line_1_37' title="bbox 257 3124 428 3167; baseline 0.012 -2"><span class='ocrx_word' id='word_1_271' title='bbox 257 3124 428 3167; x_wconf 85' lang='lat' dir='ltr'><strong>osarcam.</strong></span> 
     </span>
     <span class='ocr_line' id='line_1_38' title="bbox 189 3126 1008 3271; baseline 0 -20"><span class='ocrx_word' id='word_1_272' title='bbox 189 3182 268 3265; x_wconf 74' lang='lat' dir='ltr'><strong>Quis</strong></span> <span class='ocrx_word' id='word_1_273' title='bbox 276 3126 318 3252; x_wconf 69' lang='lat' dir='ltr'><strong>y2.</strong></span> <span class='ocrx_word' id='word_1_274' title='bbox 334 3209 431 3251; x_wconf 86' lang='lat' dir='ltr'><strong>sensu</strong></span> <span class='ocrx_word' id='word_1_275' title='bbox 452 3187 610 3271; x_wconf 88' lang='lat' dir='ltr'><strong>quaedam</strong></span> <span class='ocrx_word' id='word_1_276' title='bbox 631 3186 744 3251; x_wconf 86' lang='lat' dir='ltr'><strong>eadem</strong></span> <span class='ocrx_word' id='word_1_277' title='bbox 764 3197 847 3263; x_wconf 91' lang='lat' dir='ltr'><strong>sunt,</strong></span> <span class='ocrx_word' id='word_1_278' title='bbox 869 3184 1008 3270; x_wconf 91' lang='lat' dir='ltr'><strong>ideoque</strong></span> 
     </span>
     <span class='ocr_line' id='line_1_39' title="bbox 126 3262 1007 3358; baseline 0.003 -25"><span class='ocrx_word' id='word_1_279' title='bbox 126 3262 211 3333; x_wconf 60' lang='lat' dir='ltr'><strong>“den</strong></span> <span class='ocrx_word' id='word_1_280' title='bbox 231 3270 372 3358; x_wconf 88' lang='lat' dir='ltr'><strong>praecise</strong></span> <span class='ocrx_word' id='word_1_281' title='bbox 392 3273 582 3337; x_wconf 84' lang='lat' dir='ltr'><strong>verbotenus</strong></span> <span class='ocrx_word' id='word_1_282' title='bbox 604 3271 736 3337; x_wconf 85' lang='lat' dir='ltr'><strong>recitare</strong></span> <span class='ocrx_word' id='word_1_283' title='bbox 760 3292 841 3356; x_wconf 91' lang='lat' dir='ltr'><strong>opus</strong></span> <span class='ocrx_word' id='word_1_284' title='bbox 863 3282 1007 3337; x_wconf 89' lang='lat' dir='ltr'><strong>nonest.</strong></span> 
     </span>
    </p>
   </div>
   <div class='ocr_carea' id='block_1_5' title="bbox 0 0 1130 3772">
    <p class='ocr_par' dir='ltr' id='par_1_5' title="bbox 0 0 1130 3772">
     <span class='ocr_line' id='line_1_40' title="bbox 0 0 1130 3772; baseline 0 0"><span class='ocrx_word' id='word_1_285' title='bbox 0 0 1130 3772; x_wconf 95' lang='lat' dir='ltr'><strong> </strong></span> 
     </span>
    </p>
   </div>
  </div>
 </body>
</html>
