2250 3772
108 230 170 295 132
343 229 449 316 Caput
470 229 496 295 L
540 229 591 293 De
614 228 779 314 decalogo.

178 398 270 461 (Ratio
288 397 415 469 procedit
439 413 454 451 a
478 397 601 467 paribus.
643 395 862 453 constitutiones
881 393 990 452 Masta

109 468 191 522 hodie
208 485 264 521 non
282 466 416 538 obligant.
452 466 565 520 Interim
583 467 686 521 morale
705 466 790 534 hujus
807 465 990 536 praesepem

107 542 170 601 net,
194 552 254 591 esse
275 535 350 590 siuas
370 552 461 603 poena
480 535 606 605 legitima
623 535 804 603 coercendos,
827 535 926 589 modus
942 542 990 586 vert

107 604 244 669 limitatio,
263 604 399 658 formast
418 604 612 658 determinatio
632 619 739 673 poenae
766 619 819 672 pro
835 604 898 672 loci,
914 608 990 671 turpe

108 688 362 813 r,
376 643 825 811 ideal
839 668 990 796 aare

107 812 209 865 tiarum
226 827 317 881 poena
334 809 463 864 variabat
478 810 508 862 in
547 811 607 878 .Τ.,
624 810 706 865 modo
723 810 796 864 enim
812 809 989 865 restitutioett

127 880 270 949 uadrupli,
297 879 438 951 quintupli
463 879 597 948 septupli,
622 880 709 935 Proo.
728 882 761 947 6,
778 881 823 934 31.
861 881 925 934 Lea.
943 880 989 939 6,·

137 966 194 1004 am.
215 953 240 1016 5,
262 954 284 1002 7.
303 948 385 1002 modo
410 954 469 1002 erat
495 947 679 1013 venundatio,
704 947 786 1001 modo
804 947 939 1002 bonorum
953 958 989 1000 eol

107 1017 224 1085 fiscatio,
255 1017 337 1071 modo
369 1017 453 1070 etiam
486 1017 560 1070 vitae
588 1016 745 1078 mulctatio,
775 1018 830 1072 Ea.
863 1019 912 1085 22,
942 1020 963 1070 1.

109 1092 135 1138 2.
153 1085 230 1140 Sum.
242 1089 287 1149 12,
300 1091 324 1139 5.
343 1085 415 1139 sicut
433 1103 448 1140 e
466 1086 529 1156 lege
541 1085 665 1139 Mosaica
681 1089 773 1155 patet:
791 1084 832 1139 ita
845 1085 929 1139 etiam
945 1094 989 1138 rat

110 1153 298 1209 denominatio
317 1170 424 1224 poenae
440 1152 523 1209 bodie
546 1171 597 1224 pro
614 1155 733 1211 ratione,
744 1153 812 1221 loci,
838 1152 969 1225 temporis

108 1239 296 1292 personarum,
315 1221 430 1277 arbitrio
446 1223 550 1293 judicis
568 1221 740 1304 relinquitur.
777 1221 849 1286 Quia
864 1221 988 1276 varo-fur

108 1290 190 1345 nimis
208 1291 377 1358 communia,
396 1291 432 1344 ad
452 1290 583 1345 effrenem
604 1291 821 1345 facinorosorum
838 1288 988 1362 petulantia

108 1378 168 1415 eom
190 1360 345 1422 escendam,
365 1359 544 1430 magistratus
564 1367 641 1414 recte
660 1360 899 1429 exasperationem
913 1362 988 1430 justa

108 1428 174 1483 adhr
195 1430 244 1482 uit.
261 1428 352 1482 ¹Adde
371 1434 394 1482 2.
413 1428 436 1481 si
453 1428 626 1499 magistratui
662 1427 700 1481 oli
715 1428 756 1482 'eo
768 1428 875 1483 licitum
891 1433 943 1498 est,
955 1438 988 1499 p(

108 1514 173 1551 nam
195 1497 343 1567 capitalem
368 1497 430 1566 loge
454 1497 577 1552 Mosaioa
601 1446 744 1551 dednitam
766 1513 817 1566 pro
841 1497 947 1552 ratione
968 1508 988 1548 o

110 1566 338 1620 eumstantiarum
361 1565 507 1620 immutare
525 1566 554 1618 in
571 1566 779 1646 temporariam,
806 1565 938 1638 quidnile
956 1576 988 1619 ot

108 1634 194 1689 traria
212 1634 318 1688 licitum
336 1634 426 1688 eidem
447 1639 533 1702 esset,
572 1652 602 1689 ro
619 1635 889 1688 orreumstantiarum
906 1633 987 1689 ratio!

109 1704 304 1772 temporariam
322 1703 385 1774 lege
403 1702 526 1757 Mosaica
563 1702 694 1770 efinitam,
713 1703 742 1756 in
759 1703 907 1773 capitalem
924 1703 987 1757 imm

108 1770 190 1826 tare?
221 1771 397 1826 Antecedens
417 1789 508 1842 poena
525 1772 617 1843 quarti
640 1771 783 1842 praecepti
803 1772 916 1895 eagritali
934 1773 987 1852 pat

109 1841 200 1897 Euod.
222 1843 266 1907 21,
285 1844 327 1895 15.
347 1842 413 1896 Leo.
434 1844 481 1909 20,
500 1844 526 1897 9.
562 1839 645 1894 Adde
673 1846 697 1895 3.
722 1840 805 1911 longe
871 1856 914 1896 sss
938 1841 987 1894 alra

108 1909 293 1964 conditionem
316 1909 487 1963 Judaeorum
504 1910 571 1963 olim
593 1909 622 1961 in
640 1907 705 1965 vet.
724 1909 915 1977 Testamento,
938 1920 987 1980 qur

108 1978 191 2034 hodie
210 1977 429 2032 christianorum.
464 1979 534 2031 Erat
552 1978 624 2033 enim
641 1994 698 2031 non
712 1983 823 2031 tantum
840 1972 987 2049 singuline]

110 2047 187 2101 dacis
210 2053 285 2101 terra
307 2045 422 2101 (ianaan
447 2050 527 2117 quasi
550 2047 579 2099 in
605 2046 745 2116 peculium
768 2047 889 2115 tradita,
916 2045 964 2102 sed

110 2117 151 2169 sin
192 2114 227 2167 lis
253 2115 381 2169 tribubus
413 2115 540 2185 singulae
565 2115 751 2184 possessiones
782 2115 915 2184 traditae,
950 2128 986 2186 qu

109 2183 178 2238 nul'
200 2183 373 2252 abalienare,
390 2189 418 2237 ot
437 2184 466 2237 in
484 2184 569 2238 alium
587 2183 737 2238 transferre
756 2183 860 2237 tribum
882 2184 986 2255 integra

110 2257 179 2305 erat.
215 2251 262 2305 Sin
304 2252 323 2304 li
343 2270 423 2322 crgo,
451 2253 517 2323 quia
537 2253 611 2306 idem
627 2254 674 2322 jus
693 2251 721 2305 in
742 2253 915 2321 possessione
933 2250 986 2307 trib

110 2336 177 2374 suae
194 2319 267 2374 habe
289 2327 344 2386 ant,
361 2321 429 2375 furti
447 2322 530 2375 etiam
548 2322 652 2375 crimen
669 2339 702 2374 us
722 2338 757 2374 ue
772 2321 841 2376 adeo
858 2339 913 2376 non
931 2321 986 2375 incr

110 2389 215 2443 rebant.
252 2386 375 2459 Ideoque
393 2390 484 2444 mitior
501 2391 583 2444 etiam
597 2406 690 2511 poena
704 2339 742 2443 de
756 2389 821 2458 jure
837 2389 911 2459 ipsos
929 2407 986 2444 mar

110 2458 167 2512 bat.
203 2457 338 2526 Exempla
366 2475 526 2528 poenarum,
553 2458 661 2526 Aean,
690 2459 752 2512 Joa.
776 2461 799 2520 7,
820 2461 866 2512 25.
910 2458 986 2514 Gehe

111 2529 139 2582 2.
159 2527 227 2593 Rep.
247 2530 272 2579 5.
290 2525 341 2580 ult.
383 2525 489 2595 Nabal,
517 2531 539 2581 l.
566 2528 641 2581 Sam.
660 2529 713 2593 25,
739 2529 783 2580 38.
824 2526 985 2582 Promissiot

110 2612 173 2648 eum
194 2594 342 2650 earundem
357 2595 489 2665 exemplis
508 2601 574 2649 sunt
592 2595 735 2665 generales
754 2594 896 2651 hincinde
913 2597 943 2650 in
954 2596 985 2652 Se

110 2671 192 2733 ptura
210 2668 404 2729 occurrentes.)

274 2765 508 2833 OCTAVUM
528 2766 860 2834 PRllECEPTUM.

203 2868 254 2932 64.
304 2869 466 2949 Quodnam
486 2881 529 2931 eat
552 2881 689 2932 ortorum
707 2870 934 2953 praeceptum?

193 2966 270 3067 Non
298 2969 437 3052 loqueris
471 2968 587 3032 falsum
623 2968 839 3033 testimonium
858 2970 984 3037 ‘advers

110 3075 291 3138 proxumum
313 3064 411 3118 tuum.

203 3156 253 3220 65.
301 3154 386 3232 Quom
409 3167 453 3218 est
473 3155 562 3237 liujus
580 3157 742 3241 praecepti
759 3156 932 3220 sententio?

196 3255 361 3319 Debemus
384 3256 489 3319 Deum
513 3255 623 3319 timere
646 3268 677 3318 et
692 3254 836 3340 diligere,
860 3279 900 3320 ne
916 3278 984 3343 pro:
