2250 3772
283 243 334 307 De
355 267 388 308 re
410 266 435 312 s.
456 266 573 310 coenae
595 246 731 310 coelesti.
897 249 961 324 549
1064 338 1067 344 1

76 407 158 476 iana
179 412 293 478 calices
307 412 380 479 illos
398 438 457 501 pro
479 415 642 499 antiquata
664 415 815 481 ecclesiae
836 417 960 502 priscae

76 499 281 563 cnsuetudine
302 499 519 565 indifferenter
540 501 735 566 adhibemus.

124 617 211 684 (Usus
230 617 356 686 calicum,
374 617 447 672 sicut
465 624 642 672 monumenta
657 619 780 686 Iraao'ci¹
798 617 816 673 l.
837 624 860 673 4.
878 636 901 672 c.
915 624 957 674 32.

76 734 77 738 ,
99 692 165 751 261;
184 686 345 759 Athanasii,
365 688 445 756 apolo
468 693 511 741 .2.
529 693 549 741 t
570 694 590 741 1.
609 685 673 756 pag.
687 693 745 741 369.
762 692 826 754 3ῖο,
845 694 873 740 et
890 687 958 742 alio-

76 773 114 808 1111
140 756 252 822 docent,
278 755 332 809 fuit
355 755 384 809 in
409 705 525 810 ecclesia
548 755 760 827 antiquissimus.
802 755 958 811 Verisimile

76 823 136 878 iam
154 829 203 886 est,
222 822 362 878 Christum
379 823 408 876 in
425 840 511 878 coena
530 841 580 878 sua
597 824 712 879 calicem
730 824 901 892 adhibuisse,
926 830 959 878 ut

76 892 101 946 ri
128 897 189 946 tum
212 893 344 962 temporis
370 910 457 964 usque
482 893 552 946 adeo
577 893 687 960 usitati,
713 899 746 945 ut
765 893 959 948 tribulationes

76 961 233 1016 ›mmuniter
262 960 362 1016 calices
390 961 603 1031 appellarentur.
637 961 702 1016 Vid.
720 963 824 1015 Matth.
843 965 895 1030 26,
912 966 958 1018 39.

76 1031 165 1083 'arram
183 1028 270 1100 igitur
287 1030 465 1094 ‘Calvisiana
489 1030 535 1100 qui
556 1036 584 1085 et
607 1031 708 1084 calices
725 1030 867 1106 inauratos
884 1047 957 1084 com-

76 1097 181 1180 inuunt
204 1114 236 1151 ac
264 1099 412 1179 eorundem
428 1098 566 1179 inlocum
582 1098 628 1152 vel
645 1098 764 1179 ligneos,
782 1100 828 1154 vel
845 1099 959 1157 alterius

76 1183 188 1291 llil?
199 1167 958 1306 etthtta”lttttltsltalttmstitit:

76 1310 128 1373 bv,
148 1322 203 1376 quo
222 1304 338 1374 quodvis
361 1322 410 1358 vas
426 1311 551 1371 notatur,
580 1321 634 1384 quo
651 1304 774 1360 homines
799 1305 836 1359 ad
860 1303 959 1359 biben—

76 1390 119 1427 1111
139 1378 261 1426 utuntur.
297 1373 379 1426 Idam
395 1373 463 1426 ibid.
481 1372 533 1426 Est
551 1389 623 1427 emm
641 1373 745 1427 elench.
764 1390 873 1445 conseq.
908 1374 956 1429 Ni·

76 1442 92 1495 l
118 1442 192 1494 enim
215 1441 280 1496 inde
307 1440 431 1513 sequitur
449 1441 539 1508 aliud,
572 1458 655 1512 quam
680 1442 763 1496 licere
791 1441 833 1495 uti
858 1441 959 1512 poculo

76 1510 151 1564 novis
168 1508 243 1565 alio·
264 1511 305 1564 At
321 1527 376 1563 non
392 1518 537 1580 propterea
553 1510 646 1564 statim
663 1511 783 1564 inaurati
800 1517 866 1564 sunt
882 1511 959 1564 fumo

76 1578 239 1649 >lliquandi,
264 1579 330 1649 quia
355 1597 411 1634 non
429 1596 521 1647 omne,
567 1580 622 1633 uod
640 1579 718 1648 licet,
737 1580 862 1650 apostolo
879 1584 959 1644 teste,

95 1648 220 1702 Corinth.
240 1651 292 1716 10,
310 1650 360 1716 23,
385 1647 460 1702 idem
478 1596 566 1717 exped

76 1732 126 1770 ssa.
160 1715 193 1770 E.
212 1716 308 1769 eadem
326 1716 454 1770 libertate
474 1717 577 1770 rectius
595 1717 756 1784 retinentur,
776 1734 859 1786 quam
880 1719 959 1773 abro-

76 1791 160 1838 sntur.
195 1785 252 1838 Nil·
266 1785 357 1839 obstat
376 1791 399 1839 2.
416 1786 491 1856 quod
511 1786 546 1838 ad
566 1786 788 1906 superstitionem
807 1785 959 1840 idololatri-

76 1871 112 1908 nn
131 1853 231 1907 missae
248 1870 266 1907 a
283 1852 431 1923 pontificiis
449 1858 513 1907 sunt
527 1853 593 1906 adhi

98 1927 132 1978 30
151 1939 227 1993 seqq.
264 1921 339 1986 Quid
361 1921 433 1977 enim
451 1928 510 1975 tum
527 1922 645 1991 postea?
667 1922 814 1976 1.Abusus
833 1939 889 1976 non
905 1922 958 1976 tol·

76 1999 197 2046 tverum
215 1990 255 2044 roi
279 2008 368 2045 usum.
409 1997 433 2046 2.
454 1989 568 2044 Abusus
590 1990 637 2044 ille
692 1991 820 2044 'seaticus
843 1991 957 2059 dudum,

76 2059 179 2114 stituto
196 2075 262 2113 vero
282 2075 384 2114 coenae
403 2059 555 2112 dominicae
572 2076 638 2123 usu,
658 2074 675 2112 a
695 2059 785 2112 olitus.
822 2064 846 2114 3.
864 2059 958 2114 Etiam

76 2128 154 2183 idaei
171 2144 239 2182 vasa
256 2143 335 2181 sacra
353 2145 370 2182 a
386 2128 553 2182 Balthazare
572 2144 587 2182 e
606 2128 709 2197 templo
730 2127 841 2181 sublata
859 2144 892 2182 ac
909 2145 957 2183 ne·

76 2197 144 2251 ndis
162 2195 250 2251 modis
267 2196 423 2267 profanata,
443 2199 523 2252 Dan.
536 2199 561 2263 5,
573 2199 599 2249 2.
613 2199 640 2251 3.
654 2201 670 2250 4
697 2197 826 2252 restituta
843 2214 861 2251 a
875 2195 957 2278 Cyro²

76 2265 167 2320 istinc
185 2265 248 2318 usui
267 2280 345 2319 sacro
363 2265 548 2328 destinarunt,
572 2269 596 2320 1.
615 2268 704 2322 Eadr.
725 2270 811 2335 6,14.
854 2265 958 2330 dem

76 2334 150 2390 >tiori
168 2351 217 2387 nos
230 2335 295 2403 jure
333 2333 461 2387 ontificiis
480 2333 603 2387 calcibus
619 2334 661 2388 uti
671 2352 821 2404 possemus,
838 2352 902 2389 cum
914 2352 957 2390 ce·

76 2401 246 2458 :monialibus
263 2402 301 2458 Ju
322 2402 388 2456 aicis
407 2401 532 2457 obstricti
548 2419 604 2457 non
621 2403 706 2457 simus
713 2404 737 2471 l)

612 1854 652 1906 iti.
689 1856 793 1910 Naum.
808 1854 891 1923 alleg.
905 1854 957 1908 loc.

102 2573 168 2637 DE
197 2571 258 2635 RE
290 2571 324 2638 S.
356 2571 547 2638 COENAE
580 2571 812 2638 COELESTI
845 2572 906 2637 ET

206 2657 390 2723 UNIONE
425 2655 801 2725 SACRAMENTALI.

111 2809 164 2875 23.
211 2809 368 2887 Quaenam
390 2822 460 2874 sunt
481 2834 530 2875 res
554 2812 692 2902 coelestes
714 2834 737 2874 e.
759 2811 892 2874 coeliae?

135 2926 261 3013 Corpus
276 2939 306 2992 ct
322 2927 452 3013 sanguis
469 2927 602 2991 Domini
618 2927 719 2991 nostri
732 2929 757 2994 J
758 2950 814 2992 esu
829 2927 956 2996 Christi.

76 3083 97 3148 l.
133 3081 228 3162 Quale
249 3102 364 3167 corpus
383 3095 411 3147 et
433 3084 532 3166 qualia
548 3078 678 3165 sanguis
692 3080 741 3144 hic
756 3081 958 3166 intellipitnr?

132 3200 256 3266 Verum
283 3199 364 3263 illud
394 3211 426 3263 et
448 3199 592 3263 naturale
622 3221 736 3283 corpus
759 3198 878 3264 Christi
899 3201 958 3264 hu-

76 3307 188 3362 nnum,
210 3284 297 3368 quod
318 3307 358 3348 ex
374 3285 482 3348 Maria
502 3284 624 3370 virgine
645 3283 678 3346 in
695 3306 865 3369 personam
879 3285 956 3350 Filii

567 1647 604 1717 it,
628 1653 652 1702 2.
671 1648 754 1703 etiam
776 1649 875 1702 calices
893 1655 959 1702 sunt
1027 1672 1035 1689 ·
