<?xml version="1.0" encoding="UTF-8"?>
<!DOCTYPE html PUBLIC "-//W3C//DTD XHTML 1.0 Transitional//EN"
    "http://www.w3.org/TR/xhtml1/DTD/xhtml1-transitional.dtd">
<html xmlns="http://www.w3.org/1999/xhtml" xml:lang="en" lang="en">
 <head>
  <title>
</title>
<meta http-equiv="Content-Type" content="text/html;charset=utf-8" />
  <meta name='ocr-system' content='tesseract 3.04.00' />
  <meta name='ocr-capabilities' content='ocr_page ocr_carea ocr_par ocr_line ocrx_word'/>
</head>
<body>
  <div class='ocr_page' id='page_1' title='image "./dconradidieteri00dietgoog_0043.png"; bbox 0 0 2250 3772; ppageno 0'>
   <div class='ocr_carea' id='block_1_1' title="bbox 87 228 655 295">
    <p class='ocr_par' dir='ltr' id='par_1_1' title="bbox 87 228 655 295">
     <span class='ocr_line' id='line_1_1' title="bbox 87 228 655 295; baseline 0.007 -4"><span class='ocrx_word' id='word_1_1' title='bbox 87 228 128 292; x_wconf 92' lang='grc'>10</span> <span class='ocrx_word' id='word_1_2' title='bbox 426 228 655 295; x_wconf 76' lang='lat' dir='ltr'>Des.scncta</span> 
     </span>
    </p>
   </div>
   <div class='ocr_carea' id='block_1_2' title="bbox 85 397 995 569">
    <p class='ocr_par' dir='ltr' id='par_1_2' title="bbox 85 397 995 569">
     <span class='ocr_line' id='line_1_2' title="bbox 86 397 995 482; baseline 0.001 -20"><span class='ocrx_word' id='word_1_3' title='bbox 86 421 182 482; x_wconf 84' lang='lat' dir='ltr'>quum</span> <span class='ocrx_word' id='word_1_4' title='bbox 210 398 244 462; x_wconf 90' lang='lat' dir='ltr'>in</span> <span class='ocrx_word' id='word_1_5' title='bbox 265 409 417 462; x_wconf 90' lang='lat' dir='ltr'>consueto</span> <span class='ocrx_word' id='word_1_6' title='bbox 445 399 507 463; x_wconf 93' lang='lat' dir='ltr'>boc</span> <span class='ocrx_word' id='word_1_7' title='bbox 526 400 727 467; x_wconf 83' lang='lat' dir='ltr'>Judseorum</span> <span class='ocrx_word' id='word_1_8' title='bbox 755 420 878 463; x_wconf 81' lang='lat' dir='ltr'>canone</span> <span class='ocrx_word' id='word_1_9' title='bbox 902 397 995 463; x_wconf 82' lang='lat' dir='ltr'><strong>ullibi</strong></span> 
     </span>
     <span class='ocr_line' id='line_1_3' title="bbox 85 482 463 569; baseline 0.003 -22"><span class='ocrx_word' id='word_1_10' title='bbox 85 482 237 569; x_wconf 81' lang='lat' dir='ltr'>leguntur</span> <span class='ocrx_word' id='word_1_11' title='bbox 256 482 463 548; x_wconf 77' lang='lat' dir='ltr'>desiderasse.</span> 
     </span>
    </p>
   </div>
   <div class='ocr_carea' id='block_1_3' title="bbox 86 584 997 840">
    <p class='ocr_par' dir='ltr' id='par_1_3' title="bbox 86 584 997 840">
     <span class='ocr_line' id='line_1_4' title="bbox 172 584 995 673; baseline 0.001 -23"><span class='ocrx_word' id='word_1_12' title='bbox 172 584 238 650; x_wconf 89' lang='lat' dir='ltr'>Sed</span> <span class='ocrx_word' id='word_1_13' title='bbox 263 586 293 649; x_wconf 88' lang='lat'>4.</span> <span class='ocrx_word' id='word_1_14' title='bbox 322 585 458 649; x_wconf 91' lang='lat' dir='ltr'>eundem</span> <span class='ocrx_word' id='word_1_15' title='bbox 484 586 578 651; x_wconf 89' lang='lat' dir='ltr'>toties</span> <span class='ocrx_word' id='word_1_16' title='bbox 607 588 841 673; x_wconf 81' lang='lat' dir='ltr'>approbarunt,</span> <span class='ocrx_word' id='word_1_17' title='bbox 868 585 995 670; x_wconf 73' lang='lat' dir='ltr'>quotics</span> 
     </span>
     <span class='ocr_line' id='line_1_5' title="bbox 87 668 997 770; baseline 0.001 -35"><span class='ocrx_word' id='word_1_18' title='bbox 87 668 268 756; x_wconf 79' lang='lat' dir='ltr'><strong>Scripturas</strong></span> <span class='ocrx_word' id='word_1_19' title='bbox 284 669 411 770; x_wconf 70' lang='lat' dir='ltr'>Moysis</span> <span class='ocrx_word' id='word_1_20' title='bbox 433 684 465 734; x_wconf 90' lang='lat' dir='ltr'>et</span> <span class='ocrx_word' id='word_1_21' title='bbox 486 673 680 756; x_wconf 79' lang='lat' dir='ltr'>psalmorum</span> <span class='ocrx_word' id='word_1_22' title='bbox 694 672 841 748; x_wconf 76' lang='lat' dir='ltr'>citarum,</span> <span class='ocrx_word' id='word_1_23' title='bbox 862 682 896 735; x_wconf 91' lang='lat' dir='ltr'>et</span> <span class='ocrx_word' id='word_1_24' title='bbox 910 669 997 736; x_wconf 87' lang='lat' dir='ltr'>Scri·</span> 
     </span>
     <span class='ocr_line' id='line_1_6' title="bbox 86 766 540 840; baseline 0.002 -22"><span class='ocrx_word' id='word_1_25' title='bbox 86 766 196 840; x_wconf 80' lang='lat' dir='ltr'>pturas</span> <span class='ocrx_word' id='word_1_26' title='bbox 219 766 352 818; x_wconf 83' lang='lat' dir='ltr'>scrutari</span> <span class='ocrx_word' id='word_1_27' title='bbox 367 768 540 839; x_wconf 66' lang='lat' dir='ltr'>jusserunt.</span> 
     </span>
    </p>
   </div>
   <div class='ocr_carea' id='block_1_4' title="bbox 84 871 998 1351">
    <p class='ocr_par' dir='ltr' id='par_1_4' title="bbox 84 871 998 1161">
     <span class='ocr_line' id='line_1_7' title="bbox 159 871 998 944; baseline 0.005 -20"><span class='ocrx_word' id='word_1_28' title='bbox 159 871 253 936; x_wconf 81' lang='lat' dir='ltr'>(Ratio</span> <span class='ocrx_word' id='word_1_29' title='bbox 272 878 294 930; x_wconf 93' lang='grc'>1.</span> <span class='ocrx_word' id='word_1_30' title='bbox 312 873 461 942; x_wconf 79' lang='lat' dir='ltr'>desumpta</span> <span class='ocrx_word' id='word_1_31' title='bbox 479 879 521 927; x_wconf 88' lang='lat' dir='ltr'>est</span> <span class='ocrx_word' id='word_1_32' title='bbox 544 873 581 927; x_wconf 84' lang='lat' dir='ltr'>cb</span> <span class='ocrx_word' id='word_1_33' title='bbox 598 873 733 944; x_wconf 79' lang='lat' dir='ltr'>adjuncta</span> <span class='ocrx_word' id='word_1_34' title='bbox 752 873 895 944; x_wconf 77' lang='lat' dir='ltr'>subjectns</span> <span class='ocrx_word' id='word_1_35' title='bbox 911 878 998 928; x_wconf 79' lang='lat' dir='ltr'>matc-</span> 
     </span>
     <span class='ocr_line' id='line_1_8' title="bbox 85 941 997 1023; baseline 0.002 -28"><span class='ocrx_word' id='word_1_36' title='bbox 85 941 142 1022; x_wconf 81' lang='lat' dir='ltr'>rice</span> <span class='ocrx_word' id='word_1_37' title='bbox 154 942 309 1010; x_wconf 76' lang='lat' dir='ltr'>majestate.</span> <span class='ocrx_word' id='word_1_38' title='bbox 328 948 351 997; x_wconf 82' lang='lat'>2.</span> <span class='ocrx_word' id='word_1_39' title='bbox 363 941 559 1023; x_wconf 59' lang='lat' dir='ltr'>dtcstimonio</span> <span class='ocrx_word' id='word_1_40' title='bbox 570 942 690 997; x_wconf 74' lang='lat' dir='ltr'>humano</span> <span class='ocrx_word' id='word_1_41' title='bbox 700 943 880 1023; x_wconf 81' lang='lat' dir='ltr'>Judceorum‚</span> <span class='ocrx_word' id='word_1_42' title='bbox 893 941 997 1014; x_wconf 83' lang='lat' dir='ltr'>dequo</span> 
     </span>
     <span class='ocr_line' id='line_1_9' title="bbox 84 1009 996 1091; baseline 0.002 -30"><span class='ocrx_word' id='word_1_43' title='bbox 84 1009 141 1090; x_wconf 76' lang='lat' dir='ltr'>md.</span> <span class='ocrx_word' id='word_1_44' title='bbox 155 1010 260 1089; x_wconf 68' lang='lat' dir='ltr'>Ecscd.</span> <span class='ocrx_word' id='word_1_45' title='bbox 272 1009 328 1089; x_wconf 36' lang='grc'><strong>1..4.</strong></span> <span class='ocrx_word' id='word_1_46' title='bbox 342 1010 437 1067; x_wconf 83' lang='lat' dir='ltr'>histor.</span> <span class='ocrx_word' id='word_1_47' title='bbox 448 1011 547 1065; x_wconf 88' lang='lat' dir='ltr'>eccles.</span> <span class='ocrx_word' id='word_1_48' title='bbox 560 1028 583 1091; x_wconf 87' lang='lat' dir='ltr'>c.</span> <span class='ocrx_word' id='word_1_49' title='bbox 597 1019 638 1068; x_wconf 78' lang='lat'>25.</span> <span class='ocrx_word' id='word_1_50' title='bbox 649 1029 676 1081; x_wconf 90' lang='lat' dir='ltr'>p.</span> <span class='ocrx_word' id='word_1_51' title='bbox 693 1019 734 1067; x_wconf 77' lang='lat'>57.</span> <span class='ocrx_word' id='word_1_52' title='bbox 745 1011 778 1065; x_wconf 92' lang='grc' dir='ltr'>Β.</span> <span class='ocrx_word' id='word_1_53' title='bbox 791 1018 820 1065; x_wconf 89' lang='lat' dir='ltr'>et</span> <span class='ocrx_word' id='word_1_54' title='bbox 830 1013 996 1079; x_wconf 73' lang='lat' dir='ltr'>eronysss</span> 
     </span>
     <span class='ocr_line' id='line_1_10' title="bbox 85 1076 996 1161; baseline 0.005 -30"><span class='ocrx_word' id='word_1_55' title='bbox 85 1096 115 1132; x_wconf 86' lang='lat' dir='ltr'>rn</span> <span class='ocrx_word' id='word_1_56' title='bbox 131 1076 219 1148; x_wconf 75' lang='lat' dir='ltr'>praef.</span> <span class='ocrx_word' id='word_1_57' title='bbox 239 1095 268 1130; x_wconf 89' lang='lat' dir='ltr'>m</span> <span class='ocrx_word' id='word_1_58' title='bbox 286 1077 352 1132; x_wconf 86' lang='lat' dir='ltr'>hbb.</span> <span class='ocrx_word' id='word_1_59' title='bbox 372 1078 482 1150; x_wconf 85' lang='lat' dir='ltr'>Regum</span> <span class='ocrx_word' id='word_1_60' title='bbox 499 1097 549 1134; x_wconf 90' lang='lat' dir='ltr'>seu</span> <span class='ocrx_word' id='word_1_61' title='bbox 567 1098 595 1133; x_wconf 83' lang='lat' dir='ltr'>ur</span> <span class='ocrx_word' id='word_1_62' title='bbox 612 1081 730 1161; x_wconf 79' lang='lat' dir='ltr'>prologo</span> <span class='ocrx_word' id='word_1_63' title='bbox 747 1079 867 1161; x_wconf 59' lang='lat' dir='ltr'>delecto</span> <span class='ocrx_word' id='word_1_64' title='bbox 885 1084 952 1160; x_wconf 84' lang='lat' dir='ltr'>tom.</span> <span class='ocrx_word' id='word_1_65' title='bbox 971 1082 996 1136; x_wconf 80' lang='grc'>2.</span> 
     </span>
    </p>

    <p class='ocr_par' dir='ltr' id='par_1_5' title="bbox 85 1145 996 1351">
     <span class='ocr_line' id='line_1_11' title="bbox 107 1145 996 1230; baseline 0 -28"><span class='ocrx_word' id='word_1_66' title='bbox 107 1190 113 1227; x_wconf 94' lang='lat'>:</span> <span class='ocrx_word' id='word_1_67' title='bbox 136 1153 175 1202; x_wconf 86' lang='lat'>16.</span> <span class='ocrx_word' id='word_1_68' title='bbox 194 1145 230 1199; x_wconf 91' lang='lat' dir='ltr'>D.</span> <span class='ocrx_word' id='word_1_69' title='bbox 240 1152 282 1227; x_wconf 58' lang='lat' dir='ltr'>,eb</span> <span class='ocrx_word' id='word_1_70' title='bbox 296 1163 372 1219; x_wconf 88' lang='lat' dir='ltr'>seqq.</span> <span class='ocrx_word' id='word_1_71' title='bbox 391 1149 408 1201; x_wconf 93' lang='grc' dir='ltr'>Ι.</span> <span class='ocrx_word' id='word_1_72' title='bbox 424 1156 449 1229; x_wconf 63' lang='lat'>33.</span> <span class='ocrx_word' id='word_1_73' title='bbox 467 1155 495 1202; x_wconf 89' lang='lat' dir='ltr'>ct</span> <span class='ocrx_word' id='word_1_74' title='bbox 512 1155 535 1203; x_wconf 89' lang='grc'>4.</span> <span class='ocrx_word' id='word_1_75' title='bbox 571 1150 599 1201; x_wconf 90' lang='grc' dir='ltr'><strong>Α</strong></span> <span class='ocrx_word' id='word_1_76' title='bbox 616 1156 772 1230; x_wconf 67' lang='lat' dir='ltr'>testimonio</span> <span class='ocrx_word' id='word_1_77' title='bbox 790 1150 884 1202; x_wconf 81' lang='lat' dir='ltr'>dlvtno</span> <span class='ocrx_word' id='word_1_78' title='bbox 902 1164 996 1202; x_wconf 86' lang='lat' dir='ltr'>rmmc·</span> 
     </span>
     <span class='ocr_line' id='line_1_12' title="bbox 85 1214 996 1340; baseline 0 -71"><span class='ocrx_word' id='word_1_79' title='bbox 85 1221 162 1338; x_wconf 59' lang='lat' dir='ltr'>Aiptto</span> <span class='ocrx_word' id='word_1_80' title='bbox 182 1214 305 1336; x_wconf 51' lang='lat' dir='ltr'>Cppstpo</span> <span class='ocrx_word' id='word_1_81' title='bbox 312 1222 341 1270; x_wconf 91' lang='lat' dir='ltr'>et</span> <span class='ocrx_word' id='word_1_82' title='bbox 349 1217 480 1339; x_wconf 52' lang='lat' dir='ltr'>thdiatq</span> <span class='ocrx_word' id='word_1_83' title='bbox 497 1218 691 1340; x_wconf 66' lang='lat' dir='ltr'>appstolcrum.</span> <span class='ocrx_word' id='word_1_84' title='bbox 721 1217 794 1273; x_wconf 82' lang='lat' dir='ltr'>Vide</span> <span class='ocrx_word' id='word_1_85' title='bbox 813 1220 885 1271; x_wconf 79' lang='lat' dir='ltr'>Luc.</span> <span class='ocrx_word' id='word_1_86' title='bbox 898 1220 943 1284; x_wconf 75' lang='lat'>24,</span> <span class='ocrx_word' id='word_1_87' title='bbox 954 1219 996 1270; x_wconf 77' lang='lat'>44.</span> 
     </span>
     <span class='ocr_line' id='line_1_13' title="bbox 143 1301 554 1351; baseline 0.012 -14"><span class='ocrx_word' id='word_1_88' title='bbox 143 1302 184 1337; x_wconf 86' lang='lat' dir='ltr'>or.</span> <span class='ocrx_word' id='word_1_89' title='bbox 243 1323 250 1351; x_wconf 92' lang='lat'><strong><em>‚</em></strong></span> <span class='ocrx_word' id='word_1_90' title='bbox 307 1301 348 1339; x_wconf 91' lang='lat' dir='ltr'>.e</span> <span class='ocrx_word' id='word_1_91' title='bbox 405 1304 448 1339; x_wconf 79' lang='grc' dir='ltr'>οι.</span> <span class='ocrx_word' id='word_1_92' title='bbox 463 1304 489 1349; x_wconf 78' lang='lat'>0,</span> <span class='ocrx_word' id='word_1_93' title='bbox 548 1331 554 1342; x_wconf 90' lang='lat'>.</span> 
     </span>
    </p>
   </div>
   <div class='ocr_carea' id='block_1_5' title="bbox 118 1419 969 1572">
    <p class='ocr_par' dir='ltr' id='par_1_6' title="bbox 118 1419 969 1572">
     <span class='ocr_line' id='line_1_14' title="bbox 118 1419 969 1488; baseline 0.005 -4"><span class='ocrx_word' id='word_1_94' title='bbox 118 1422 168 1484; x_wconf 91' lang='lat'>11.</span> <span class='ocrx_word' id='word_1_95' title='bbox 216 1419 303 1485; x_wconf 77' lang='lat' dir='ltr'>Unde</span> <span class='ocrx_word' id='word_1_96' title='bbox 322 1433 439 1485; x_wconf 77' lang='lat' dir='ltr'>constat</span> <span class='ocrx_word' id='word_1_97' title='bbox 459 1423 554 1486; x_wconf 74' lang='lat' dir='ltr'>libror</span> <span class='ocrx_word' id='word_1_98' title='bbox 575 1423 651 1486; x_wconf 74' lang='lat' dir='ltr'>ictor</span> <span class='ocrx_word' id='word_1_99' title='bbox 673 1422 760 1488; x_wconf 84' lang='lat' dir='ltr'>Novi</span> <span class='ocrx_word' id='word_1_100' title='bbox 782 1422 969 1488; x_wconf 72' lang='lat' dir='ltr'>Testamenti</span> 
     </span>
     <span class='ocr_line' id='line_1_15' title="bbox 404 1506 675 1572; baseline -0.011 -1"><span class='ocrx_word' id='word_1_101' title='bbox 404 1529 467 1571; x_wconf 77' lang='lat' dir='ltr'>csse</span> <span class='ocrx_word' id='word_1_102' title='bbox 488 1506 675 1572; x_wconf 73' lang='lat' dir='ltr'>canonicos?</span> 
     </span>
    </p>
   </div>
   <div class='ocr_carea' id='block_1_6' title="bbox 170 1619 996 1719">
    <p class='ocr_par' dir='ltr' id='par_1_7' title="bbox 170 1619 996 1719">
     <span class='ocr_line' id='line_1_16' title="bbox 170 1619 996 1719; baseline 0.006 -37"><span class='ocrx_word' id='word_1_103' title='bbox 170 1619 251 1683; x_wconf 93' lang='lat' dir='ltr'>Inde</span> <span class='ocrx_word' id='word_1_104' title='bbox 278 1619 498 1719; x_wconf 87' lang='lat' dir='ltr'>potissimum:</span> <span class='ocrx_word' id='word_1_105' title='bbox 529 1622 604 1704; x_wconf 87' lang='lat' dir='ltr'>quia</span> <span class='ocrx_word' id='word_1_106' title='bbox 634 1626 660 1687; x_wconf 92' lang='lat'>1.</span> <span class='ocrx_word' id='word_1_107' title='bbox 688 1624 798 1687; x_wconf 83' lang='lat' dir='ltr'>divine</span> <span class='ocrx_word' id='word_1_108' title='bbox 822 1622 996 1701; x_wconf 77' lang='lat' dir='ltr'>doctrinae,</span> 
     </span>
    </p>
   </div>
   <div class='ocr_carea' id='block_1_7' title="bbox 86 1706 996 1856">
    <p class='ocr_par' dir='ltr' id='par_1_8' title="bbox 86 1706 996 1856">
     <span class='ocr_line' id='line_1_17' title="bbox 86 1706 996 1805; baseline 0.004 -37"><span class='ocrx_word' id='word_1_109' title='bbox 86 1728 183 1805; x_wconf 82' lang='lat' dir='ltr'>quam</span> <span class='ocrx_word' id='word_1_110' title='bbox 204 1706 544 1804; x_wconf 44' lang='lat' dir='ltr'>contrnept,&#39;majestas</span> <span class='ocrx_word' id='word_1_111' title='bbox 567 1708 675 1773; x_wconf 89' lang='lat' dir='ltr'>ethos</span> <span class='ocrx_word' id='word_1_112' title='bbox 696 1709 876 1772; x_wconf 83' lang='lat' dir='ltr'>indubitato</span> <span class='ocrx_word' id='word_1_113' title='bbox 898 1728 996 1772; x_wconf 77' lang='lat' dir='ltr'>cano·</span> 
     </span>
     <span class='ocr_line' id='line_1_18' title="bbox 86 1800 411 1856; baseline 0.003 -1"><span class='ocrx_word' id='word_1_114' title='bbox 86 1813 174 1855; x_wconf 89' lang='lat' dir='ltr'>mcos</span> <span class='ocrx_word' id='word_1_115' title='bbox 197 1811 266 1854; x_wconf 90' lang='lat' dir='ltr'>esse</span> <span class='ocrx_word' id='word_1_116' title='bbox 286 1800 411 1856; x_wconf 80' lang='lat' dir='ltr'>evincit.</span> 
     </span>
    </p>
   </div>
   <div class='ocr_carea' id='block_1_8' title="bbox 87 1891 997 2127">
    <p class='ocr_par' dir='ltr' id='par_1_9' title="bbox 87 1891 997 2127">
     <span class='ocr_line' id='line_1_19' title="bbox 173 1891 997 1979; baseline 0.002 -23"><span class='ocrx_word' id='word_1_117' title='bbox 173 1891 260 1972; x_wconf 84' lang='lat' dir='ltr'>Quia</span> <span class='ocrx_word' id='word_1_118' title='bbox 280 1893 309 1957; x_wconf 78' lang='lat'>2.</span> <span class='ocrx_word' id='word_1_119' title='bbox 330 1891 398 1955; x_wconf 89' lang='lat' dir='ltr'>sine</span> <span class='ocrx_word' id='word_1_120' title='bbox 420 1893 486 1956; x_wconf 83' lang='lat' dir='ltr'>ulle</span> <span class='ocrx_word' id='word_1_121' title='bbox 508 1893 706 1958; x_wconf 87' lang='lat' dir='ltr'>dubitatione</span> <span class='ocrx_word' id='word_1_122' title='bbox 735 1915 860 1979; x_wconf 83' lang='lat' dir='ltr'>semper</span> <span class='ocrx_word' id='word_1_123' title='bbox 881 1893 922 1957; x_wconf 86' lang='lat' dir='ltr'>cb</span> <span class='ocrx_word' id='word_1_124' title='bbox 945 1912 997 1958; x_wconf 86' lang='lat' dir='ltr'>ec·</span> 
     </span>
     <span class='ocr_line' id='line_1_20' title="bbox 87 1977 996 2127; baseline 0 -84"><span class='ocrx_word' id='word_1_125' title='bbox 87 1978 270 2127; x_wconf 61' lang='lat' dir='ltr'>dlcesbidbibio</span> <span class='ocrx_word' id='word_1_126' title='bbox 293 1998 366 2041; x_wconf 89' lang='lat' dir='ltr'>vere</span> <span class='ocrx_word' id='word_1_127' title='bbox 394 1990 424 2042; x_wconf 90' lang='lat' dir='ltr'>et</span> <span class='ocrx_word' id='word_1_128' title='bbox 454 1990 541 2042; x_wconf 86' lang='lat' dir='ltr'>certo</span> <span class='ocrx_word' id='word_1_129' title='bbox 563 1978 745 2064; x_wconf 82' lang='lat' dir='ltr'>apostolicis</span> <span class='ocrx_word' id='word_1_130' title='bbox 767 1978 855 2043; x_wconf 86' lang='lat' dir='ltr'>fuere</span> <span class='ocrx_word' id='word_1_131' title='bbox 875 1977 996 2063; x_wconf 80' lang='lat' dir='ltr'>recepti</span> 
     </span>
    </p>
   </div>
   <div class='ocr_carea' id='block_1_9' title="bbox 81 2178 998 3354">
    <p class='ocr_par' dir='ltr' id='par_1_10' title="bbox 85 2178 998 2742">
     <span class='ocr_line' id='line_1_21' title="bbox 157 2178 998 2251; baseline 0.004 -18"><span class='ocrx_word' id='word_1_132' title='bbox 157 2179 249 2247; x_wconf 74' lang='lat' dir='ltr'>(Retio</span> <span class='ocrx_word' id='word_1_133' title='bbox 271 2186 292 2231; x_wconf 85' lang='lat'>1.</span> <span class='ocrx_word' id='word_1_134' title='bbox 308 2178 453 2249; x_wconf 80' lang='lat' dir='ltr'>desumpta</span> <span class='ocrx_word' id='word_1_135' title='bbox 464 2187 507 2235; x_wconf 87' lang='lat' dir='ltr'>est</span> <span class='ocrx_word' id='word_1_136' title='bbox 518 2180 554 2235; x_wconf 86' lang='lat' dir='ltr'>cb</span> <span class='ocrx_word' id='word_1_137' title='bbox 565 2181 698 2251; x_wconf 75' lang='lat' dir='ltr'>adjuncta</span> <span class='ocrx_word' id='word_1_138' title='bbox 709 2181 853 2251; x_wconf 75' lang='lat' dir='ltr'>subJectce</span> <span class='ocrx_word' id='word_1_139' title='bbox 865 2179 998 2236; x_wconf 72' lang='lat' dir='ltr'>materiae</span> 
     </span>
     <span class='ocr_line' id='line_1_22' title="bbox 86 2249 996 2318; baseline 0.001 -16"><span class='ocrx_word' id='word_1_140' title='bbox 86 2249 245 2318; x_wconf 74' lang='lat' dir='ltr'>majestate,</span> <span class='ocrx_word' id='word_1_141' title='bbox 271 2263 355 2317; x_wconf 82' lang='lat' dir='ltr'>quam</span> <span class='ocrx_word' id='word_1_142' title='bbox 378 2264 441 2302; x_wconf 87' lang='lat' dir='ltr'>cum</span> <span class='ocrx_word' id='word_1_143' title='bbox 464 2249 604 2304; x_wconf 87' lang='lat' dir='ltr'>canonicis</span> <span class='ocrx_word' id='word_1_144' title='bbox 623 2251 724 2305; x_wconf 89' lang='lat' dir='ltr'>veteris</span> <span class='ocrx_word' id='word_1_145' title='bbox 746 2249 905 2303; x_wconf 74' lang='lat' dir='ltr'>testamenti</span> <span class='ocrx_word' id='word_1_146' title='bbox 923 2265 996 2303; x_wconf 92' lang='lat' dir='ltr'>com·</span> 
     </span>
     <span class='ocr_line' id='line_1_23' title="bbox 87 2315 997 2373; baseline 0 -2"><span class='ocrx_word' id='word_1_147' title='bbox 87 2333 198 2371; x_wconf 91' lang='lat' dir='ltr'>munem</span> <span class='ocrx_word' id='word_1_148' title='bbox 221 2315 333 2369; x_wconf 85' lang='lat' dir='ltr'>habent.</span> <span class='ocrx_word' id='word_1_149' title='bbox 360 2321 419 2371; x_wconf 64' lang='lat' dir='ltr'>ta</span> <span class='ocrx_word' id='word_1_150' title='bbox 441 2319 597 2373; x_wconf 90' lang='lat' dir='ltr'>testimonio</span> <span class='ocrx_word' id='word_1_151' title='bbox 620 2318 741 2373; x_wconf 85' lang='lat' dir='ltr'>humano</span> <span class='ocrx_word' id='word_1_152' title='bbox 766 2318 900 2373; x_wconf 77' lang='lat' dir='ltr'>ecclesiae</span> <span class='ocrx_word' id='word_1_153' title='bbox 918 2316 997 2372; x_wconf 83' lang='lat' dir='ltr'>chri·</span> 
     </span>
     <span class='ocr_line' id='line_1_24' title="bbox 88 2384 996 2458; baseline 0.003 -20"><span class='ocrx_word' id='word_1_154' title='bbox 88 2385 206 2453; x_wconf 84' lang='lat' dir='ltr'>sticnce,</span> <span class='ocrx_word' id='word_1_155' title='bbox 227 2400 299 2456; x_wconf 83' lang='lat' dir='ltr'>quac</span> <span class='ocrx_word' id='word_1_156' title='bbox 325 2384 387 2438; x_wconf 92' lang='lat' dir='ltr'>illos</span> <span class='ocrx_word' id='word_1_157' title='bbox 411 2385 516 2458; x_wconf 84' lang='lat' dir='ltr'>absque</span> <span class='ocrx_word' id='word_1_158' title='bbox 537 2388 594 2441; x_wconf 81' lang='lat' dir='ltr'>ulla</span> <span class='ocrx_word' id='word_1_159' title='bbox 617 2387 846 2455; x_wconf 78' lang='lat' dir='ltr'>contradictione,</span> <span class='ocrx_word' id='word_1_160' title='bbox 868 2387 933 2440; x_wconf 92' lang='lat' dir='ltr'>inde</span> <span class='ocrx_word' id='word_1_161' title='bbox 958 2385 996 2441; x_wconf 76' lang='lat' dir='ltr'>ab</span> 
     </span>
     <span class='ocr_line' id='line_1_25' title="bbox 86 2454 997 2525; baseline 0 -16"><span class='ocrx_word' id='word_1_162' title='bbox 86 2454 275 2524; x_wconf 79' lang='lat' dir='ltr'>apostolorum</span> <span class='ocrx_word' id='word_1_163' title='bbox 299 2454 484 2525; x_wconf 88' lang='lat' dir='ltr'>temporibus,</span> <span class='ocrx_word' id='word_1_164' title='bbox 506 2473 557 2525; x_wconf 89' lang='lat' dir='ltr'>pro</span> <span class='ocrx_word' id='word_1_165' title='bbox 583 2456 721 2511; x_wconf 84' lang='lat' dir='ltr'>cononicis</span> <span class='ocrx_word' id='word_1_166' title='bbox 743 2455 849 2509; x_wconf 82' lang='lat' dir='ltr'>habuit</span> <span class='ocrx_word' id='word_1_167' title='bbox 886 2457 997 2509; x_wconf 74' lang='lat' dir='ltr'>Errant</span> 
     </span>
     <span class='ocr_line' id='line_1_26' title="bbox 87 2523 997 2596; baseline 0.002 -19"><span class='ocrx_word' id='word_1_168' title='bbox 87 2529 182 2578; x_wconf 83' lang='lat' dir='ltr'>cutem</span> <span class='ocrx_word' id='word_1_169' title='bbox 221 2523 345 2591; x_wconf 60' lang='lat' dir='ltr'>ontificis}</span> <span class='ocrx_word' id='word_1_170' title='bbox 365 2524 432 2577; x_wconf 92' lang='lat' dir='ltr'>dum</span> <span class='ocrx_word' id='word_1_171' title='bbox 448 2541 580 2579; x_wconf 85' lang='lat' dir='ltr'>canonem</span> <span class='ocrx_word' id='word_1_172' title='bbox 600 2525 759 2596; x_wconf 83' lang='lat' dir='ltr'>Scripturae</span> <span class='ocrx_word' id='word_1_173' title='bbox 776 2542 798 2580; x_wconf 93' lang='lat' dir='ltr'>s.</span> <span class='ocrx_word' id='word_1_174' title='bbox 817 2540 834 2577; x_wconf 84' lang='lat' dir='ltr'><strong>a</strong></span> <span class='ocrx_word' id='word_1_175' title='bbox 851 2523 936 2578; x_wconf 87' lang='lat' dir='ltr'>solius</span> <span class='ocrx_word' id='word_1_176' title='bbox 954 2540 997 2579; x_wconf 88' lang='lat' dir='ltr'>cc-</span> 
     </span>
     <span class='ocr_line' id='line_1_27' title="bbox 85 2592 998 2665; baseline 0 -18"><span class='ocrx_word' id='word_1_177' title='bbox 85 2592 186 2648; x_wconf 81' lang='lat' dir='ltr'>clesiae</span> <span class='ocrx_word' id='word_1_178' title='bbox 247 2608 346 2646; x_wconf 83' lang='lat' dir='ltr'>manac</span> <span class='ocrx_word' id='word_1_179' title='bbox 364 2593 519 2648; x_wconf 89' lang='lat' dir='ltr'>testimonio</span> <span class='ocrx_word' id='word_1_180' title='bbox 538 2595 694 2665; x_wconf 88' lang='lat' dir='ltr'>dependere</span> <span class='ocrx_word' id='word_1_181' title='bbox 710 2593 896 2660; x_wconf 88' lang='lat' dir='ltr'>contendunt,</span> <span class='ocrx_word' id='word_1_182' title='bbox 924 2608 998 2647; x_wconf 82' lang='lat' dir='ltr'>asse·</span> 
     </span>
     <span class='ocr_line' id='line_1_28' title="bbox 87 2659 998 2742; baseline 0 -26"><span class='ocrx_word' id='word_1_183' title='bbox 87 2668 188 2730; x_wconf 87' lang='lat' dir='ltr'>rentes,</span> <span class='ocrx_word' id='word_1_184' title='bbox 210 2659 381 2730; x_wconf 79' lang='lat' dir='ltr'>Scriptorum</span> <span class='ocrx_word' id='word_1_185' title='bbox 399 2662 511 2742; x_wconf 88' lang='lat' dir='ltr'>quidem</span> <span class='ocrx_word' id='word_1_186' title='bbox 531 2664 560 2717; x_wconf 90' lang='lat' dir='ltr'>in</span> <span class='ocrx_word' id='word_1_187' title='bbox 578 2681 607 2718; x_wconf 92' lang='lat' dir='ltr'>se</span> <span class='ocrx_word' id='word_1_188' title='bbox 625 2681 685 2719; x_wconf 86' lang='lat' dir='ltr'>esse</span> <span class='ocrx_word' id='word_1_189' title='bbox 703 2662 825 2717; x_wconf 82' lang='lat' dir='ltr'>divinam</span> <span class='ocrx_word' id='word_1_190' title='bbox 845 2678 897 2716; x_wconf 88' lang='lat' dir='ltr'>nec</span> <span class='ocrx_word' id='word_1_191' title='bbox 914 2677 998 2741; x_wconf 70' lang='lat' dir='ltr'>cgere</span> 
     </span>
    </p>

    <p class='ocr_par' dir='ltr' id='par_1_11' title="bbox 81 2729 997 3354">
     <span class='ocr_line' id='line_1_29' title="bbox 105 2729 996 2800; baseline -0.001 -16"><span class='ocrx_word' id='word_1_192' title='bbox 105 2748 137 2785; x_wconf 92' lang='lat' dir='ltr'>ro</span> <span class='ocrx_word' id='word_1_193' title='bbox 155 2747 185 2785; x_wconf 87' lang='lat' dir='ltr'>se</span> <span class='ocrx_word' id='word_1_194' title='bbox 203 2729 335 2785; x_wconf 76' lang='lat' dir='ltr'>ecclesiae</span> <span class='ocrx_word' id='word_1_195' title='bbox 352 2732 524 2800; x_wconf 81' lang='lat' dir='ltr'>testimonio,</span> <span class='ocrx_word' id='word_1_196' title='bbox 549 2738 581 2785; x_wconf 89' lang='lat' dir='ltr'>ut</span> <span class='ocrx_word' id='word_1_197' title='bbox 600 2740 693 2787; x_wconf 80' lang='lat' dir='ltr'>autem</span> <span class='ocrx_word' id='word_1_198' title='bbox 712 2749 762 2786; x_wconf 90' lang='lat' dir='ltr'>nos</span> <span class='ocrx_word' id='word_1_199' title='bbox 787 2730 921 2798; x_wconf 83' lang='lat' dir='ltr'>sciamus,</span> <span class='ocrx_word' id='word_1_200' title='bbox 948 2746 996 2800; x_wconf 86' lang='lat' dir='ltr'>qur</span> 
     </span>
     <span class='ocr_line' id='line_1_30' title="bbox 85 2748 997 2871; baseline -0.001 -19"><span class='ocrx_word' id='word_1_201' title='bbox 85 2748 150 2854; x_wconf 72' lang='lat' dir='ltr'>bbri</span> <span class='ocrx_word' id='word_1_202' title='bbox 169 2799 226 2853; x_wconf 91' lang='lat' dir='ltr'>sint</span> <span class='ocrx_word' id='word_1_203' title='bbox 244 2798 377 2868; x_wconf 79' lang='lat' dir='ltr'>canonici,</span> <span class='ocrx_word' id='word_1_204' title='bbox 395 2801 443 2870; x_wconf 91' lang='lat' dir='ltr'>qui</span> <span class='ocrx_word' id='word_1_205' title='bbox 462 2801 618 2869; x_wconf 77' lang='lat' dir='ltr'>adulterini,</span> <span class='ocrx_word' id='word_1_206' title='bbox 636 2800 792 2871; x_wconf 88' lang='lat' dir='ltr'>dependere</span> <span class='ocrx_word' id='word_1_207' title='bbox 810 2815 828 2852; x_wconf 83' lang='lat' dir='ltr'><strong>a</strong></span> <span class='ocrx_word' id='word_1_208' title='bbox 845 2798 904 2853; x_wconf 87' lang='lat' dir='ltr'>solo</span> <span class='ocrx_word' id='word_1_209' title='bbox 921 2797 997 2851; x_wconf 80' lang='lat' dir='ltr'>testi·</span> 
     </span>
     <span class='ocr_line' id='line_1_31' title="bbox 86 2865 995 2938; baseline -0.003 -16"><span class='ocrx_word' id='word_1_210' title='bbox 86 2868 177 2923; x_wconf 91' lang='lat' dir='ltr'>monio</span> <span class='ocrx_word' id='word_1_211' title='bbox 196 2867 329 2923; x_wconf 77' lang='lat' dir='ltr'>ecclesius</span> <span class='ocrx_word' id='word_1_212' title='bbox 355 2876 434 2938; x_wconf 77' lang='lat' dir='ltr'>(puto</span> <span class='ocrx_word' id='word_1_213' title='bbox 450 2868 606 2937; x_wconf 78' lang='lat' dir='ltr'>Romanae,</span> <span class='ocrx_word' id='word_1_214' title='bbox 630 2870 687 2924; x_wconf 83' lang='lat' dir='ltr'>sive</span> <span class='ocrx_word' id='word_1_215' title='bbox 705 2867 848 2923; x_wconf 73' lang='lat' dir='ltr'>Pontificio</span> <span class='ocrx_word' id='word_1_216' title='bbox 867 2865 995 2931; x_wconf 75' lang='lat' dir='ltr'>Romani,</span> 
     </span>
     <span class='ocr_line' id='line_1_32' title="bbox 85 2935 996 3009; baseline -0.002 -18"><span class='ocrx_word' id='word_1_217' title='bbox 85 2937 131 2993; x_wconf 85' lang='lat' dir='ltr'>vel</span> <span class='ocrx_word' id='word_1_218' title='bbox 146 2936 262 3006; x_wconf 80' lang='lat' dir='ltr'>Papae.)</span> <span class='ocrx_word' id='word_1_219' title='bbox 297 2936 403 2993; x_wconf 62' lang='lat' dir='ltr'>Pastor.</span> <span class='ocrx_word' id='word_1_220' title='bbox 421 2938 599 3008; x_wconf 77' lang='lat' dir='ltr'>wegwsiser,</span> <span class='ocrx_word' id='word_1_221' title='bbox 617 2955 678 3009; x_wconf 80' lang='lat' dir='ltr'>cap.</span> <span class='ocrx_word' id='word_1_222' title='bbox 699 2945 723 2994; x_wconf 91' lang='lat'>1.</span> <span class='ocrx_word' id='word_1_223' title='bbox 743 2953 809 3007; x_wconf 78' lang='lat' dir='ltr'>pag.</span> <span class='ocrx_word' id='word_1_224' title='bbox 822 2942 846 2992; x_wconf 86' lang='lat'>8.</span> <span class='ocrx_word' id='word_1_225' title='bbox 878 2935 996 3004; x_wconf 73' lang='lat' dir='ltr'>staples.</span> 
     </span>
     <span class='ocr_line' id='line_1_33' title="bbox 86 3005 996 3077; baseline 0 -19"><span class='ocrx_word' id='word_1_226' title='bbox 86 3007 180 3060; x_wconf 89' lang='lat' dir='ltr'>relect.</span> <span class='ocrx_word' id='word_1_227' title='bbox 200 3005 317 3076; x_wconf 89' lang='lat' dir='ltr'>princip.</span> <span class='ocrx_word' id='word_1_228' title='bbox 333 3005 381 3059; x_wconf 89' lang='lat' dir='ltr'>fid.</span> <span class='ocrx_word' id='word_1_229' title='bbox 398 3012 521 3061; x_wconf 81' lang='lat' dir='ltr'>controv.</span> <span class='ocrx_word' id='word_1_230' title='bbox 540 3013 564 3061; x_wconf 84' lang='grc'>4.</span> <span class='ocrx_word' id='word_1_231' title='bbox 583 3013 688 3077; x_wconf 78' lang='lat' dir='ltr'>quaest.</span> <span class='ocrx_word' id='word_1_232' title='bbox 708 3012 731 3061; x_wconf 84' lang='lat'>1.</span> <span class='ocrx_word' id='word_1_233' title='bbox 750 3015 801 3060; x_wconf 81' lang='lat' dir='ltr'>ert.</span> <span class='ocrx_word' id='word_1_234' title='bbox 814 3009 838 3060; x_wconf 83' lang='grc'>3.</span> <span class='ocrx_word' id='word_1_235' title='bbox 855 3020 922 3074; x_wconf 82' lang='lat' dir='ltr'>pag.</span> <span class='ocrx_word' id='word_1_236' title='bbox 938 3009 996 3059; x_wconf 76' lang='lat'>444.</span> 
     </span>
     <span class='ocr_line' id='line_1_34' title="bbox 85 3072 996 3141; baseline -0.001 -14"><span class='ocrx_word' id='word_1_237' title='bbox 85 3073 207 3128; x_wconf 87' lang='lat' dir='ltr'>conclus.</span> <span class='ocrx_word' id='word_1_238' title='bbox 225 3081 251 3129; x_wconf 75' lang='lat'>5.</span> <span class='ocrx_word' id='word_1_239' title='bbox 292 3075 333 3130; x_wconf 81' lang='lat' dir='ltr'>At</span> <span class='ocrx_word' id='word_1_240' title='bbox 351 3075 483 3130; x_wconf 80' lang='lat' dir='ltr'>ecclesiae</span> <span class='ocrx_word' id='word_1_241' title='bbox 505 3092 586 3129; x_wconf 82' lang='lat' dir='ltr'>verse</span> <span class='ocrx_word' id='word_1_242' title='bbox 612 3082 678 3141; x_wconf 90' lang='lat' dir='ltr'>(non</span> <span class='ocrx_word' id='word_1_243' title='bbox 703 3074 855 3141; x_wconf 76' lang='lat' dir='ltr'>Romanae)</span> <span class='ocrx_word' id='word_1_244' title='bbox 874 3072 996 3127; x_wconf 87' lang='lat' dir='ltr'>testimo·</span> 
     </span>
     <span class='ocr_line' id='line_1_35' title="bbox 83 3140 997 3214; baseline -0.001 -17"><span class='ocrx_word' id='word_1_245' title='bbox 83 3141 162 3197; x_wconf 87' lang='lat' dir='ltr'>nium</span> <span class='ocrx_word' id='word_1_246' title='bbox 180 3159 231 3197; x_wconf 90' lang='lat' dir='ltr'>nos</span> <span class='ocrx_word' id='word_1_247' title='bbox 255 3144 422 3199; x_wconf 88' lang='lat' dir='ltr'>insolidum</span> <span class='ocrx_word' id='word_1_248' title='bbox 443 3160 499 3197; x_wconf 90' lang='lat' dir='ltr'>non</span> <span class='ocrx_word' id='word_1_249' title='bbox 516 3144 669 3214; x_wconf 87' lang='lat' dir='ltr'>rejicimus,</span> <span class='ocrx_word' id='word_1_250' title='bbox 692 3143 741 3199; x_wconf 85' lang='lat' dir='ltr'>sed</span> <span class='ocrx_word' id='word_1_251' title='bbox 761 3142 850 3196; x_wconf 87' lang='lat' dir='ltr'>solum</span> <span class='ocrx_word' id='word_1_252' title='bbox 868 3140 997 3196; x_wconf 79' lang='lat' dir='ltr'>sufficere</span> 
     </span>
     <span class='ocr_line' id='line_1_36' title="bbox 81 3208 995 3285; baseline -0.002 -18"><span class='ocrx_word' id='word_1_253' title='bbox 81 3226 233 3282; x_wconf 73' lang='lat' dir='ltr'>negamus,</span> <span class='ocrx_word' id='word_1_254' title='bbox 256 3213 374 3285; x_wconf 86' lang='lat' dir='ltr'>ideoque</span> <span class='ocrx_word' id='word_1_255' title='bbox 401 3213 536 3267; x_wconf 85' lang='lat' dir='ltr'>illustrius</span> <span class='ocrx_word' id='word_1_256' title='bbox 560 3220 590 3268; x_wconf 89' lang='lat' dir='ltr'>et</span> <span class='ocrx_word' id='word_1_257' title='bbox 611 3214 713 3270; x_wconf 86' lang='lat' dir='ltr'>certius</span> <span class='ocrx_word' id='word_1_258' title='bbox 728 3210 916 3266; x_wconf 85' lang='lat' dir='ltr'>testimonium</span> <span class='ocrx_word' id='word_1_259' title='bbox 935 3208 995 3280; x_wconf 80' lang='lat' dir='ltr'>spi-</span> 
     </span>
     <span class='ocr_line' id='line_1_37' title="bbox 81 3278 995 3354; baseline -0.001 -18"><span class='ocrx_word' id='word_1_260' title='bbox 81 3278 154 3336; x_wconf 83' lang='lat' dir='ltr'>ritus</span> <span class='ocrx_word' id='word_1_261' title='bbox 177 3298 201 3336; x_wconf 86' lang='lat' dir='ltr'>s.</span> <span class='ocrx_word' id='word_1_262' title='bbox 224 3282 447 3337; x_wconf 79' lang='lat' dir='ltr'>testificationem</span> <span class='ocrx_word' id='word_1_263' title='bbox 472 3288 502 3338; x_wconf 91' lang='lat' dir='ltr'>et</span> <span class='ocrx_word' id='word_1_264' title='bbox 526 3282 749 3354; x_wconf 73' lang='lat' dir='ltr'>obsignaticucm</span> <span class='ocrx_word' id='word_1_265' title='bbox 771 3296 831 3335; x_wconf 87' lang='lat' dir='ltr'>esse</span> <span class='ocrx_word' id='word_1_266' title='bbox 854 3294 995 3335; x_wconf 78' lang='lat' dir='ltr'>assevera-</span> 
     </span>
    </p>
   </div>
   <div class='ocr_carea' id='block_1_10' title="bbox 0 0 1130 3772">
    <p class='ocr_par' dir='ltr' id='par_1_12' title="bbox 0 0 1130 3772">
     <span class='ocr_line' id='line_1_38' title="bbox 0 0 1130 3772; baseline 0 0"><span class='ocrx_word' id='word_1_267' title='bbox 0 0 1130 3772; x_wconf 95' lang='lat' dir='ltr'> </span> 
     </span>
    </p>
   </div>
  </div>
 </body>
</html>
