2250 3772
282 298 285 303 .
360 233 414 299 De
436 254 537 298 coena
557 231 727 299 dominica.
935 234 999 301 531

87 398 271 543 &531¹ss
289 401 468 457 diminuentis
487 409 643 475 serpentem
655 417 781 471 aeneum,
798 405 826 455 2.
838 404 909 472 Ray.
923 407 965 473 18,
976 407 1001 472 t,

137 597 171 665 ὅ.
204 595 270 662 Car
290 622 359 664 vero
381 614 609 665 samaritanum
628 602 685 665 boa
706 603 816 667 dieitur
838 599 953 666 coena?

179 698 280 763 Coena
300 699 425 778 dieitur,
447 701 523 786 quia
544 703 669 789 vesperi
690 714 763 788 post
778 723 911 767 coenam
925 700 1001 787 agni

87 782 249 871 machmis
268 783 329 850 fuit
349 786 504 865 instituta,
523 789 637 852 Meta.
659 789 713 865 26,
731 789 782 854 20.
804 787 855 853 26.
878 800 907 851 et
920 809 1000 873 seqq.

323 938 352 1003 6.
391 938 455 1004 Cur
477 961 571 1004 eoeaa
592 937 766 1005 dominica?

174 1040 343 1104 Dominiaa
372 1039 488 1103 dieitur
519 1040 561 1103 nb
588 1053 699 1105 autore
726 1061 784 1104 seu
811 1039 1001 1116 institutore,

87 1122 166 1208 quia
188 1145 208 1187 a
228 1122 370 1189 Domino
392 1136 502 1189 nostro
523 1126 607 1192 Jesu
629 1124 758 1190 Christo
779 1124 918 1211 primum
939 1124 1001 1189 fuit

86 1207 250 1286 instituta,
270 1209 386 1276 Mattlz.
411 1212 483 1275 ibid.
507 1210 537 1278 1.
565 1211 636 1276 Car.
664 1211 718 1288 11,
739 1211 790 1275 23.
812 1211 864 1277 24.

283 1360 312 1425 7.
348 1360 433 1441 Quid
453 1376 497 1426 est
516 1383 608 1426 coena
629 1359 806 1426 dominica?
880 1445 884 1456 .

174 1479 236 1543 Est
264 1500 375 1543 verum
404 1500 519 1564 eorpus
546 1492 577 1543 et
598 1500 692 1543 verus
712 1478 844 1566 sanguis
867 1479 1001 1544 Domini

86 1563 191 1631 nostri
204 1564 287 1631 Jesu
306 1561 437 1641 Christi,
459 1563 618 1650 subpone
640 1576 672 1628 et
695 1564 769 1629 vino
792 1563 886 1628 nobis
908 1562 1002 1648 Chri-

86 1648 201 1713 stianis
230 1648 271 1712 ed
299 1648 558 1713 manducandum
585 1660 618 1713 et
646 1649 823 1714 bibendum
855 1650 897 1713 ab
928 1649 1000 1737 ipso

86 1733 220 1802 Christo
240 1733 428 1800 institutum.

502 1819 581 1882 Seu:

174 1900 285 1969 Coena
305 1901 466 1968 dominica
489 1915 537 1968 est
558 1912 806 1977 sacramentum,
828 1901 895 1965 sive
917 1899 1000 1966 actio

86 1985 242 2052 divinitus
263 1987 421 2064 institute,
447 1988 482 2053 in
503 2010 568 2073 qua
588 1986 749 2051 Dominus
772 1997 881 2050 noster
900 1986 1000 2052 Jesus

86 2069 236 2139 christus
256 2072 326 2159 ipse
347 2094 498 2158 praesens
520 2084 578 2150 est,
601 2071 759 2154 nobisque
782 2092 952 2156 campane
967 2081 1000 2135 et

86 2157 164 2222 vino
193 2179 304 2222 verum
332 2179 425 2222 snum
454 2180 569 2245 eorpus
599 2169 632 2220 et
652 2155 841 2241 sanguinem
862 2155 1001 2240 exhibet,

86 2240 123 2308 in
145 2241 353 2307 certissimam
375 2241 645 2330 obsignationem,
672 2241 759 2325 qnod
780 2241 1001 2306 remissionem

85 2338 293 2414 pennatorum
318 2326 508 2406 habeamus,
535 2340 568 2393 et
595 2348 668 2391 eum
688 2326 760 2413 ipso
781 2325 815 2390 in
837 2339 1001 2391 aeternum

85 2412 195 2478 vivere
217 2412 400 2480 debeamus.

144 2548 175 2614 8.
211 2548 272 2612 Ubi
290 2549 386 2614 verba
407 2548 609 2611 institutionis
630 2568 740 2612 coenae
762 2547 935 2610 dominicae

432 2633 549 2716 sambida
570 2630 663 2695 aunt?

174 2738 400 2808 Sieseribunt
421 2762 461 2805 ss.
483 2741 715 2827 evangelistae,
746 2734 926 2803 Matthaeus
947 2737 1001 2815 26,

85 2827 149 2912 265
176 2826 308 2890 Maraa
332 2826 390 2900 14,
410 2825 468 2901 223
495 2827 678 2903 Ltwaa22,
698 2825 747 2890 19.
771 2837 799 2888 at
823 2823 856 2887 S.
878 2824 1001 2886 Paulus

85 2916 114 2978 1
142 2909 213 2974 Cor.
234 2911 285 2988 11,
306 2910 358 2980 23.
377 2910 429 2975 24.

173 3010 334 3076 Dominus
355 3023 464 3075 noster
483 3011 509 3078 J
510 3032 583 3074 esus
606 3008 752 3074 christus
779 3007 814 3072 in
838 3030 877 3072 ea
897 3017 1001 3084 nocte,

133 3119 154 3161 a
174 3097 310 3161 traditus
331 3107 390 3172 est,
409 3095 532 3182 aceepit
548 3116 675 3194 panem,
697 3103 729 3157 et
742 3104 913 3178 postquam
926 3114 1001 3177 gra·

85 3192 150 3248 tias
170 3181 299 3268 egisset,
320 3181 367 3245 fre
392 3181 416 3244 't
437 3191 469 3245 et
491 3180 579 3266 dedit
593 3177 757 3263 discipulis
773 3177 850 3254 suis,
872 3178 999 3242 dieensz

85 3264 242 3364 aecipite,
271 3287 361 3358 come
385 3266 445 3345 'te,
470 3265 532 3330 hoe
553 3276 602 3329 est
621 3285 736 3350 eorpus
758 3284 881 3348 meum,
913 3261 1001 3348 quod

418 3372 422 3377 .
789 3373 835 3415 w
975 3372 984 3381 ,,

1030 3398 1062 3545 t
