2250 3772
104 218 169 287 282
239 217 346 306 Caput
366 217 410 284 11.
452 218 506 283 De
527 217 675 305 symbolo
697 218 885 305 apostolico.

104 388 189 473 hujus
212 387 268 443 loci
292 392 336 443 eet
358 386 484 456 propris,
512 385 567 441 ista
592 402 648 441 non
671 386 747 442 item.
781 383 920 441 Divinitas
939 386 969 441 αι

104 478 155 513 του
164 456 249 528 λόγου
259 473 289 512 ιθ
298 454 510 513 communicavit
518 455 692 525 humanitati,
707 455 741 510 oi
748 451 969 528 μειαβαῐικόςᾶὶ

103 528 297 600 peridomne,
310 531 339 581 et
351 525 483 594 majestas
495 524 572 579 carni
584 523 791 579 communicata
802 524 877 580 inest
887 539 969 579 nona

106 596 200 665 αὐτὴν,
217 593 287 649 ἀλλὰ
305 596 336 648 δί
353 594 454 648 ἕνωσιν
472 590 563 662 ἄκραν
577 610 634 662 per
650 611 795 658 sammon,
815 590 969 651 utJosds

106 683 166 738 exp.
188 666 223 719 de
238 663 287 720 fid.
296 669 363 719 rect.
373 666 445 718 tot.
477 679 521 733 ag.
532 667 589 718 381.
600 661 631 729 0,
641 663 790 727 animiam
806 680 864 717 non
875 662 969 717 intusa

106 742 157 802 ter,
167 736 226 802 sed,
241 739 273 787 nt
285 732 409 803 loquitur
417 731 457 785 At
496 749 556 788 nos.
568 730 603 786 de
619 731 754 787 incarnat
764 730 867 786 Christ.
876 735 965 803 pist.

108 809 137 858 et
144 803 212 858 alibi
224 802 334 871 saepius
356 801 564 867 ῖδιοποιητικῶς
576 801 770 871 appropriate,
789 816 823 855 ex
835 801 928 872 gratia
936 816 969 855 ιιιι

106 872 160 928 nis.
196 872 239 926 De
258 869 313 924 ista
340 873 481 925 ouuntur
501 876 666 940 argumenta
690 869 912 925 adversariorum
944 885 969 951 pr

110 942 145 996 de
161 888 471 994 incommunioaiilitste
489 937 602 1008 proprii.
619 938 659 1018 ‘de
676 946 840 992 naturarum
852 910 969 993 coniaco

109 1008 294 1073 conversione,
312 1007 470 1075 abolitione,
481 1023 549 1061 erae
568 1013 688 1075 natione,
701 1006 806 1076 duplici
820 1006 969 1063 omniscisut

108 1077 310 1149 omnipotentia
326 1076 453 1138 Donate,
478 1024 581 1130 elencir.
601 1082 625 1131 4.
644 1075 835 1145 terminorum,
859 1076 969 1133 vitiose«

108 1148 223 1202 mulant.
252 1145 306 1200 111.
327 1145 473 1198 Idiomatn
493 1145 591 1198 divina
609 1144 685 1197 alias
705 1145 922 1199 considerantur
936 1142 969 1199 sd

107 1217 166 1271 iate
185 1224 212 1269 et
230 1214 404 1284 simpliciter,
420 1213 499 1266 intra
511 1213 603 1282 ipsam
616 1213 799 1278 divinitatem,
818 1222 846 1267 ct
856 1215 898 1269 cic
909 1212 969 1267 nali

109 1284 316 1339 distinctionem
330 1283 489 1351 admittant,
507 1283 560 1334 scd
570 1281 736 1350 simpliciter
748 1300 835 1336 annm
846 1290 923 1350 mont,
939 1280 969 1337 ai

107 1355 212 1422 relate,
238 1361 264 1407 et
287 1353 465 1421 ἔνιργηιικῶς
487 1358 617 1419 reapectn
636 1351 812 1418 operationie
830 1353 873 1405 cd
891 1358 965 1405 cntra

109 1422 258 1486 creatoris,
276 1429 304 1474 ct
318 1424 359 1474 sic
371 1420 578 1473 distinctionem
587 1421 738 1472 adclinant
742 1441 754 1488 ,·
770 1438 828 1474 non
838 1421 913 1475 onim
922 1418 969 1475 md

108 1493 192 1545 modo
216 1489 375 1543 necessario
400 1489 430 1541 in
456 1506 548 1541 omnm
575 1495 723 1541 creaturas
741 1496 836 1558 apnnt.
873 1489 920 1545 Sic
938 1487 969 1543 Dr

109 1559 308 1630 omnipotentia
331 1573 382 1611 sua
406 1556 530 1610 homines
553 1562 643 1624 creat,
667 1557 856 1613 misericordia
873 1557 969 1614 credet

110 1629 213 1696 salvat,
235 1626 345 1698 justitia
371 1626 527 1681 incredulos
547 1625 669 1680 damnat.
704 1626 799 1697 Atque
821 1627 861 1681 sic
879 1624 969 1682 uberti

108 1697 192 1752 etiam
211 1703 253 1750 est
271 1695 433 1750 idiomatum
450 1693 662 1749 communicatio
688 1710 738 1764 pro
757 1695 866 1751 ratione
883 1698 969 1766 operat

110 1783 177 1821 num
186 1766 222 1820 ad
233 1769 311 1819 extra
322 1771 350 1818 et
363 1781 429 1817 usus
440 1763 469 1816 in
479 1762 715 1818 administratione
725 1763 810 1819 officii
818 1771 872 1819 etc.
893 1771 916 1820 2.
927 1763 969 1827 Qu

111 1837 179 1889 dnm
195 1836 335 1889 idiomata
352 1832 512 1886 immediate
530 1833 776 1901 communicantur,
799 1838 832 1887 ut
849 1833 969 1904 omnipot

108 1904 162 1971 tia,
181 1901 372 1958 omniscientia
389 1907 441 1957 etc.
480 1900 627 1962 Qnoedan
651 1901 787 1967 ceadicta,
812 1907 844 1955 ut
863 1900 969 1957 aeternil

109 1971 232 2028 infinitas
250 1978 300 2027 etc.
333 1969 543 2024 Communicata
559 1969 633 2023 enim
652 1969 761 2024 Christo
779 1975 969 2038 estaetema1

109 2045 204 2110 testas,
222 2044 300 2095 Dan.
313 2044 387 2109 7,14‚
405 2038 514 2093 infinita
536 2038 651 2106 bonitas,
669 2039 793 2092 increata
810 2039 969 2108 sapientise

87 2103 270 2164 'Adversarii
300 2114 475 2179 argutantes:
511 2109 535 2160 si
566 2107 648 2161 datur
677 2108 841 2161 idiomatum
871 2124 969 2162 commu

111 2178 197 2246 catio,
217 2183 266 2232 aut
285 2178 377 2232 omnia
394 2183 443 2230 aut
461 2176 538 2230 nulla
556 2183 636 2230 erunt
648 2177 850 2230 communicata
865 2183 926 2245 etc,
947 2174 969 2231 id

110 2251 187 2299 mata
202 2245 379 2300 considerant
398 2244 538 2313 absolute,
563 2251 591 2299 et
614 2245 654 2298 sic
678 2245 740 2299 deci
762 2246 856 2299 iuntur
874 2244 969 2301 fallam

109 2314 184 2368 dicto
208 2315 360 2368 secundum
378 2314 459 2385 quid,
487 2314 524 2367 ad
548 2313 654 2367 dictum
672 2264 842 2383 simpiiciter.
878 2312 969 2371 Itu

109 2391 151 2437 est
166 2383 329 2451 reciproca,
351 2382 564 2437 communicatio
585 2401 640 2436 non
659 2384 730 2436 item.
768 2381 830 2435 Etsi
856 2384 929 2438 enim
949 2398 969 2436 ιι

109 2458 271 2507 naturarum
287 2458 329 2506 est
344 2451 483 2532 aequalis,
502 2450 623 2506 conditio
640 2456 733 2506 tamen
751 2460 914 2506 naturarum
931 2448 969 2505 uni

110 2538 172 2575 rum
192 2525 235 2575 est
258 2520 420 2591 inaequalis.
466 2520 570 2574 Divina
592 2519 665 2574 enim
691 2527 734 2574 est
757 2531 777 2576 l.
795 2518 969 2576 immutabilis

110 2589 319 2660 perfectissima.
355 2595 377 2645 2.
398 2588 491 2644 Causa
506 2595 535 2643 et
552 2588 719 2669 principium
737 2589 854 2643 unionis.
891 2596 915 2646 3.
933 2588 969 2644 As

110 2659 161 2713 mit.
180 2665 208 2714 et
220 2659 414 2714 communicat.
439 2657 571 2711 Humana
588 2664 631 2711 est
647 2658 751 2729 indiga.
768 2658 880 2712 humilis
893 2664 922 2713 et
932 2672 969 2713 ma

112 2727 185 2783 bilis.
216 2727 338 2783 Proinde
355 2727 430 2781 illius
441 2732 484 2782 est
496 2727 572 2795 dare,
588 2726 672 2796 hujus
686 2727 821 2796 accipere.
850 2727 923 2784 Vide
934 2740 969 2794 sul

110 2796 216 2851 definit
239 2796 323 2866 hujus
349 2795 466 2868 generis.
500 2796 675 2876 Argumenta
698 2795 785 2866 igitur
810 2796 846 2852 ab
866 2798 961 2853 umens

109 2865 366 2921 communicationis
389 2864 635 2933 reciprocationem
665 2864 770 2920 elench.
795 2882 917 2937 compar.
938 2862 969 2921 sil

109 2934 260 3004 decipiunt.
298 2933 333 2990 V.
357 2934 394 2987 ln
413 2941 489 2987 atala
507 2932 706 2987 cainanitionia
727 2933 857 2989 Clariatm
873 2948 969 2991 comm

110 3012 203 3058 cotom
231 3004 409 3072 majestatem
435 3018 544 3070 semper
566 3002 664 3055 habuit
688 3010 755 3056 acta
776 3005 888 3072 primo,
912 3003 969 3061 sa‘a

108 3089 164 3126 non
181 3088 290 3152 senspcr
307 3071 455 3140 meoparit
474 3079 539 3123 actu
557 3073 688 3125 secando.
716 3071 894 3143 Argumenta
912 3073 969 3129 ast

110 3139 303 3195 exinanitionis
337 3140 423 3195 ducta
461 3139 566 3194 donch.
606 3139 760 3195 secundum
795 3141 864 3212 quid
898 3141 969 3205 ise-r

108 3208 297 3279 oppositorum
323 3208 435 3265 fallunt.
483 3207 666 3263 Coniundunt
691 3225 813 3280 namque
836 3216 969 3265 staturis

107 3276 256 3333 uanitionis
281 3284 310 3333 et
338 3276 565 3348 glorificationis,
598 3289 692 3334 actum
718 3278 840 3348 primum
871 3285 900 3334 st
919 3287 969 3333 som
