<?xml version="1.0" encoding="UTF-8"?>
<!DOCTYPE html PUBLIC "-//W3C//DTD XHTML 1.0 Transitional//EN"
    "http://www.w3.org/TR/xhtml1/DTD/xhtml1-transitional.dtd">
<html xmlns="http://www.w3.org/1999/xhtml" xml:lang="en" lang="en">
 <head>
  <title>
</title>
<meta http-equiv="Content-Type" content="text/html;charset=utf-8" />
  <meta name='ocr-system' content='tesseract 3.04.00' />
  <meta name='ocr-capabilities' content='ocr_page ocr_carea ocr_par ocr_line ocrx_word'/>
</head>
<body>
  <div class='ocr_page' id='page_1' title='image "./dconradidieteri00dietgoog_0050.png"; bbox 0 0 2250 3772; ppageno 0'>
   <div class='ocr_carea' id='block_1_1' title="bbox 425 284 990 371">
    <p class='ocr_par' dir='ltr' id='par_1_1' title="bbox 425 284 990 371">
     <span class='ocr_line' id='line_1_1' title="bbox 425 284 990 371; baseline 0.007 -21"><span class='ocrx_word' id='word_1_1' title='bbox 425 284 598 371; x_wconf 70' lang='lat' dir='ltr'><strong>Scriptura.</strong></span> <span class='ocrx_word' id='word_1_2' title='bbox 951 284 990 354; x_wconf 80' lang='grc'>17</span> 
     </span>
    </p>
   </div>
   <div class='ocr_carea' id='block_1_2' title="bbox 116 445 994 623">
    <p class='ocr_par' dir='ltr' id='par_1_2' title="bbox 116 445 994 623">
     <span class='ocr_line' id='line_1_2' title="bbox 116 445 994 586; baseline 0.014 -75"><span class='ocrx_word' id='word_1_3' title='bbox 116 445 153 511; x_wconf 81' lang='lat'>21.</span> <span class='ocrx_word' id='word_1_4' title='bbox 171 449 243 529; x_wconf 74' lang='lat' dir='ltr'>Quae</span> <span class='ocrx_word' id='word_1_5' title='bbox 264 466 308 519; x_wconf 82' lang='lat' dir='ltr'>eat</span> <span class='ocrx_word' id='word_1_6' title='bbox 329 456 408 519; x_wconf 80' lang='lat' dir='ltr'>inter</span> <span class='ocrx_word' id='word_1_7' title='bbox 429 456 557 554; x_wconf 54' lang='lat' dir='ltr'>Scripta</span> <span class='ocrx_word' id='word_1_8' title='bbox 575 455 758 586; x_wconf 59' lang='lat' dir='ltr'>prophetica</span> <span class='ocrx_word' id='word_1_9' title='bbox 779 466 807 519; x_wconf 76' lang='lat' dir='ltr'>a</span> <span class='ocrx_word' id='word_1_10' title='bbox 826 458 994 540; x_wconf 74' lang='lat' dir='ltr'>apostoliea</span> 
     </span>
     <span class='ocr_line' id='line_1_3' title="bbox 443 543 632 623; baseline -0.011 -20"><span class='ocrx_word' id='word_1_11' title='bbox 443 543 632 623; x_wconf 62' lang='lat' dir='ltr'>dffereatra.</span> 
     </span>
    </p>
   </div>
   <div class='ocr_carea' id='block_1_3' title="bbox 112 653 995 1082">
    <p class='ocr_par' dir='ltr' id='par_1_3' title="bbox 112 653 995 1082">
     <span class='ocr_line' id='line_1_4' title="bbox 176 653 995 759; baseline 0.007 -39"><span class='ocrx_word' id='word_1_12' title='bbox 176 653 267 721; x_wconf 81' lang='lat' dir='ltr'>llulla</span> <span class='ocrx_word' id='word_1_13' title='bbox 288 656 418 721; x_wconf 91' lang='lat' dir='ltr'>omnino</span> <span class='ocrx_word' id='word_1_14' title='bbox 441 668 488 721; x_wconf 90' lang='lat' dir='ltr'>est</span> <span class='ocrx_word' id='word_1_15' title='bbox 510 662 631 721; x_wconf 79' lang='lat' dir='ltr'>ratione</span> <span class='ocrx_word' id='word_1_16' title='bbox 651 659 785 741; x_wconf 79' lang='lat' dir='ltr'>subjecti,</span> <span class='ocrx_word' id='word_1_17' title='bbox 806 681 921 759; x_wconf 82' lang='lat' dir='ltr'>nempe</span> <span class='ocrx_word' id='word_1_18' title='bbox 936 661 995 726; x_wconf 92' lang='lat' dir='ltr'>do·</span> 
     </span>
     <span class='ocr_line' id='line_1_5' title="bbox 114 736 991 810; baseline 0.009 -8"><span class='ocrx_word' id='word_1_19' title='bbox 114 736 218 806; x_wconf 75' lang='lat' dir='ltr'>tulnae..</span> <span class='ocrx_word' id='word_1_20' title='bbox 245 742 371 805; x_wconf 85' lang='lat' dir='ltr'>Eadem</span> <span class='ocrx_word' id='word_1_21' title='bbox 393 742 478 806; x_wconf 91' lang='lat' dir='ltr'>enim</span> <span class='ocrx_word' id='word_1_22' title='bbox 499 741 577 806; x_wconf 87' lang='lat' dir='ltr'>fides</span> <span class='ocrx_word' id='word_1_23' title='bbox 601 752 633 806; x_wconf 92' lang='lat' dir='ltr'>et</span> <span class='ocrx_word' id='word_1_24' title='bbox 650 764 776 806; x_wconf 91' lang='lat' dir='ltr'>morum</span> <span class='ocrx_word' id='word_1_25' title='bbox 792 741 937 809; x_wconf 79' lang='lat' dir='ltr'>doctrina</span> <span class='ocrx_word' id='word_1_26' title='bbox 957 745 991 810; x_wconf 90' lang='lat' dir='ltr'>in</span> 
     </span>
     <span class='ocr_line' id='line_1_6' title="bbox 112 822 990 912; baseline 0.011 -28"><span class='ocrx_word' id='word_1_27' title='bbox 112 822 224 909; x_wconf 73' lang='lat' dir='ltr'>ulrnque</span> <span class='ocrx_word' id='word_1_28' title='bbox 245 826 381 890; x_wconf 87' lang='lat' dir='ltr'>traditur</span> <span class='ocrx_word' id='word_1_29' title='bbox 387 850 396 902; x_wconf 91' lang='lat'>;</span> <span class='ocrx_word' id='word_1_30' title='bbox 418 838 467 891; x_wconf 91' lang='lat' dir='ltr'>est</span> <span class='ocrx_word' id='word_1_31' title='bbox 488 849 563 891; x_wconf 88' lang='lat' dir='ltr'>vero</span> <span class='ocrx_word' id='word_1_32' title='bbox 585 826 693 910; x_wconf 85' lang='lat' dir='ltr'>aliqua</span> <span class='ocrx_word' id='word_1_33' title='bbox 713 828 835 892; x_wconf 90' lang='lat' dir='ltr'>ratione</span> <span class='ocrx_word' id='word_1_34' title='bbox 851 832 990 912; x_wconf 77' lang='lat' dir='ltr'>adjuncti</span> 
     </span>
     <span class='ocr_line' id='line_1_7' title="bbox 112 909 990 997; baseline 0.011 -29"><span class='ocrx_word' id='word_1_35' title='bbox 112 915 235 991; x_wconf 64' lang='lat' dir='ltr'>tempora.</span> <span class='ocrx_word' id='word_1_36' title='bbox 288 909 416 997; x_wconf 78' lang='lat' dir='ltr'>Scripta</span> <span class='ocrx_word' id='word_1_37' title='bbox 437 911 555 976; x_wconf 83' lang='lat' dir='ltr'>etenim</span> <span class='ocrx_word' id='word_1_38' title='bbox 598 912 761 996; x_wconf 86' lang='lat' dir='ltr'>rophetica</span> <span class='ocrx_word' id='word_1_39' title='bbox 780 912 929 977; x_wconf 87' lang='lat' dir='ltr'>vaticinia</span> <span class='ocrx_word' id='word_1_40' title='bbox 949 914 990 978; x_wconf 91' lang='lat' dir='ltr'>de</span> 
     </span>
     <span class='ocr_line' id='line_1_8' title="bbox 112 935 995 1082; baseline 0.009 -27"><span class='ocrx_word' id='word_1_41' title='bbox 112 987 211 1059; x_wconf 76' lang='lat' dir='ltr'>Christo</span> <span class='ocrx_word' id='word_1_42' title='bbox 242 995 438 1074; x_wconf 85' lang='lat' dir='ltr'>exhibendo,</span> <span class='ocrx_word' id='word_1_43' title='bbox 468 935 643 1082; x_wconf 80' lang='lat' dir='ltr'>apostolica</span> <span class='ocrx_word' id='word_1_44' title='bbox 670 1019 745 1061; x_wconf 87' lang='lat' dir='ltr'>vero</span> <span class='ocrx_word' id='word_1_45' title='bbox 766 997 932 1062; x_wconf 78' lang='lat' dir='ltr'>historiam</span> <span class='ocrx_word' id='word_1_46' title='bbox 954 998 995 1063; x_wconf 89' lang='lat' dir='ltr'>de</span> 
     </span>
    </p>
   </div>
   <div class='ocr_carea' id='block_1_4' title="bbox 112 1072 1016 1158">
    <p class='ocr_par' dir='ltr' id='par_1_4' title="bbox 112 1072 1016 1158">
     <span class='ocr_line' id='line_1_9' title="bbox 112 1072 1016 1158; baseline 0.008 -17"><span class='ocrx_word' id='word_1_47' title='bbox 112 1072 211 1144; x_wconf 80' lang='lat' dir='ltr'>Christo</span> <span class='ocrx_word' id='word_1_48' title='bbox 234 1081 377 1145; x_wconf 86' lang='lat' dir='ltr'>exhibito</span> <span class='ocrx_word' id='word_1_49' title='bbox 393 1081 573 1158; x_wconf 89' lang='lat' dir='ltr'>continent,</span> <span class='ocrx_word' id='word_1_50' title='bbox 595 1082 817 1146; x_wconf 85' lang='lat' dir='ltr'>vaticiniorum</span> <span class='ocrx_word' id='word_1_51' title='bbox 834 1082 911 1146; x_wconf 89' lang='lat' dir='ltr'>item</span> <span class='ocrx_word' id='word_1_52' title='bbox 924 1083 1016 1148; x_wconf 87' lang='lat' dir='ltr'>illo-&#39;</span> 
     </span>
    </p>
   </div>
   <div class='ocr_carea' id='block_1_5' title="bbox 110 1164 995 1421">
    <p class='ocr_par' dir='ltr' id='par_1_5' title="bbox 110 1164 995 1421">
     <span class='ocr_line' id='line_1_10' title="bbox 111 1164 995 1254; baseline 0.005 -27"><span class='ocrx_word' id='word_1_53' title='bbox 111 1164 208 1228; x_wconf 82' lang='lat' dir='ltr'>rumim</span> <span class='ocrx_word' id='word_1_54' title='bbox 230 1165 382 1230; x_wconf 82' lang='lat' dir='ltr'>lationem</span> <span class='ocrx_word' id='word_1_55' title='bbox 393 1179 423 1230; x_wconf 90' lang='lat' dir='ltr'>et</span> <span class='ocrx_word' id='word_1_56' title='bbox 434 1166 681 1254; x_wconf 88' lang='lat' dir='ltr'>applicationem</span> <span class='ocrx_word' id='word_1_57' title='bbox 694 1166 873 1235; x_wconf 89' lang='lat' dir='ltr'>ostendunt.</span> <span class='ocrx_word' id='word_1_58' title='bbox 896 1167 995 1234; x_wconf 91' lang='lat' dir='ltr'>Unde</span> 
     </span>
     <span class='ocr_line' id='line_1_11' title="bbox 110 1189 994 1317; baseline 0.008 -8"><span class='ocrx_word' id='word_1_59' title='bbox 110 1243 189 1313; x_wconf 83' lang='lat' dir='ltr'>Vetus</span> <span class='ocrx_word' id='word_1_60' title='bbox 207 1189 449 1316; x_wconf 58' lang='lat' dir='ltr'>destamentum</span> <span class='ocrx_word' id='word_1_61' title='bbox 480 1251 596 1315; x_wconf 88' lang='lat' dir='ltr'>dicitur</span> <span class='ocrx_word' id='word_1_62' title='bbox 630 1251 705 1316; x_wconf 88' lang='lat' dir='ltr'>novi</span> <span class='ocrx_word' id='word_1_63' title='bbox 735 1251 994 1317; x_wconf 86' lang='lat' dir='ltr'>fundamentum:</span> 
     </span>
     <span class='ocr_line' id='line_1_12' title="bbox 110 1337 733 1421; baseline 0.013 -27"><span class='ocrx_word' id='word_1_64' title='bbox 110 1351 202 1399; x_wconf 80' lang='lat' dir='ltr'>novum</span> <span class='ocrx_word' id='word_1_65' title='bbox 222 1358 299 1400; x_wconf 88' lang='lat' dir='ltr'>vero</span> <span class='ocrx_word' id='word_1_66' title='bbox 321 1337 435 1400; x_wconf 86' lang='lat' dir='ltr'>veteris</span> <span class='ocrx_word' id='word_1_67' title='bbox 457 1337 733 1421; x_wconf 88' lang='lat' dir='ltr'>complementum.</span> 
     </span>
    </p>
   </div>
   <div class='ocr_carea' id='block_1_6' title="bbox 111 1451 999 1800">
    <p class='ocr_par' dir='ltr' id='par_1_6' title="bbox 111 1451 999 1800">
     <span class='ocr_line' id='line_1_13' title="bbox 161 1451 995 1522; baseline 0.004 -14"><span class='ocrx_word' id='word_1_68' title='bbox 161 1451 240 1520; x_wconf 84' lang='lat' dir='ltr'>(Bene</span> <span class='ocrx_word' id='word_1_69' title='bbox 259 1455 410 1521; x_wconf 73' lang='lat' dir='ltr'>Aupmtia.</span> <span class='ocrx_word' id='word_1_70' title='bbox 430 1454 450 1507; x_wconf 82' lang='lat' dir='ltr'>l.</span> <span class='ocrx_word' id='word_1_71' title='bbox 468 1456 495 1510; x_wconf 81' lang='grc'>6.</span> <span class='ocrx_word' id='word_1_72' title='bbox 514 1456 550 1507; x_wconf 83' lang='lat' dir='ltr'>de</span> <span class='ocrx_word' id='word_1_73' title='bbox 566 1453 616 1509; x_wconf 82' lang='lat' dir='ltr'>cio.</span> <span class='ocrx_word' id='word_1_74' title='bbox 631 1455 698 1522; x_wconf 77' lang='lat' dir='ltr'>Dei,</span> <span class='ocrx_word' id='word_1_75' title='bbox 717 1472 741 1511; x_wconf 92' lang='lat' dir='ltr'>c.</span> <span class='ocrx_word' id='word_1_76' title='bbox 753 1457 800 1509; x_wconf 79' lang='lat'>26.</span> <span class='ocrx_word' id='word_1_77' title='bbox 819 1462 883 1511; x_wconf 83' lang='lat' dir='ltr'>tom.</span> <span class='ocrx_word' id='word_1_78' title='bbox 897 1459 923 1509; x_wconf 81' lang='lat'>5.</span> <span class='ocrx_word' id='word_1_79' title='bbox 942 1456 995 1511; x_wconf 83' lang='lat' dir='ltr'>ool.</span> 
     </span>
     <span class='ocr_line' id='line_1_14' title="bbox 111 1518 999 1591; baseline 0.008 -20"><span class='ocrx_word' id='word_1_80' title='bbox 111 1518 156 1571; x_wconf 71' lang='lat'>910.</span> <span class='ocrx_word' id='word_1_81' title='bbox 169 1525 201 1578; x_wconf 78' lang='lat' dir='ltr'>A.</span> <span class='ocrx_word' id='word_1_82' title='bbox 237 1522 317 1584; x_wconf 78' lang='lat' dir='ltr'>Quid</span> <span class='ocrx_word' id='word_1_83' title='bbox 333 1531 374 1576; x_wconf 79' lang='lat' dir='ltr'>est</span> <span class='ocrx_word' id='word_1_84' title='bbox 392 1525 470 1591; x_wconf 77' lang='lat' dir='ltr'>quod</span> <span class='ocrx_word' id='word_1_85' title='bbox 487 1522 593 1576; x_wconf 73' lang='lat' dir='ltr'>dicitur</span> <span class='ocrx_word' id='word_1_86' title='bbox 611 1530 802 1576; x_wconf 77' lang='lat' dir='ltr'>testamentum</span> <span class='ocrx_word' id='word_1_87' title='bbox 823 1532 913 1588; x_wconf 78' lang='lat' dir='ltr'>uetus,</span> <span class='ocrx_word' id='word_1_88' title='bbox 939 1524 999 1578; x_wconf 77' lang='lat' dir='ltr'>uisi</span> 
     </span>
     <span class='ocr_line' id='line_1_15' title="bbox 111 1590 997 1662; baseline 0.003 -19"><span class='ocrx_word' id='word_1_89' title='bbox 111 1590 236 1644; x_wconf 64' lang='lat' dir='ltr'>multatio</span> <span class='ocrx_word' id='word_1_90' title='bbox 255 1592 342 1646; x_wconf 71' lang='lat' dir='ltr'>aovi?</span> <span class='ocrx_word' id='word_1_91' title='bbox 365 1599 391 1645; x_wconf 83' lang='lat' dir='ltr'>et</span> <span class='ocrx_word' id='word_1_92' title='bbox 414 1591 486 1660; x_wconf 73' lang='lat' dir='ltr'>quid</span> <span class='ocrx_word' id='word_1_93' title='bbox 509 1598 549 1645; x_wconf 81' lang='lat' dir='ltr'>cst</span> <span class='ocrx_word' id='word_1_94' title='bbox 566 1590 651 1644; x_wconf 79' lang='lat' dir='ltr'>aliud</span> <span class='ocrx_word' id='word_1_95' title='bbox 668 1594 746 1660; x_wconf 76' lang='lat' dir='ltr'>quod</span> <span class='ocrx_word' id='word_1_96' title='bbox 763 1593 869 1646; x_wconf 73' lang='lat' dir='ltr'>dieitur</span> <span class='ocrx_word' id='word_1_97' title='bbox 887 1611 997 1662; x_wconf 84' lang='lat' dir='ltr'>acuum,</span> 
     </span>
     <span class='ocr_line' id='line_1_16' title="bbox 111 1653 990 1730; baseline 0.009 -22"><span class='ocrx_word' id='word_1_98' title='bbox 111 1653 154 1708; x_wconf 75' lang='lat' dir='ltr'>att</span> <span class='ocrx_word' id='word_1_99' title='bbox 166 1661 259 1713; x_wconf 62' lang='lat' dir='ltr'>raam</span> <span class='ocrx_word' id='word_1_100' title='bbox 277 1659 437 1714; x_wconf 72' lang='lat' dir='ltr'>revelator</span> <span class='ocrx_word' id='word_1_101' title='bbox 464 1658 543 1714; x_wconf 88' lang='lat' dir='ltr'>Idem</span> <span class='ocrx_word' id='word_1_102' title='bbox 561 1660 579 1714; x_wconf 95' lang='lat' dir='ltr'>l.</span> <span class='ocrx_word' id='word_1_103' title='bbox 600 1659 635 1714; x_wconf 85' lang='lat' dir='ltr'>dc</span> <span class='ocrx_word' id='word_1_104' title='bbox 652 1659 717 1730; x_wconf 83' lang='lat' dir='ltr'>spir.</span> <span class='ocrx_word' id='word_1_105' title='bbox 732 1667 760 1715; x_wconf 83' lang='lat' dir='ltr'>ct</span> <span class='ocrx_word' id='word_1_106' title='bbox 777 1660 818 1714; x_wconf 89' lang='lat' dir='ltr'>lit.</span> <span class='ocrx_word' id='word_1_107' title='bbox 835 1670 858 1716; x_wconf 85' lang='lat' dir='ltr'>c.</span> <span class='ocrx_word' id='word_1_108' title='bbox 872 1666 912 1717; x_wconf 85' lang='lat'>15.</span> <span class='ocrx_word' id='word_1_109' title='bbox 930 1664 952 1717; x_wconf 89' lang='lat' dir='ltr'>t.</span> <span class='ocrx_word' id='word_1_110' title='bbox 967 1668 990 1717; x_wconf 84' lang='lat'>3.</span> 
     </span>
     <span class='ocr_line' id='line_1_17' title="bbox 111 1722 864 1800; baseline 0.005 -19"><span class='ocrx_word' id='word_1_111' title='bbox 111 1722 149 1777; x_wconf 74' lang='lat' dir='ltr'>tol.</span> <span class='ocrx_word' id='word_1_112' title='bbox 164 1730 213 1783; x_wconf 81' lang='lat' dir='ltr'>ua</span> <span class='ocrx_word' id='word_1_113' title='bbox 232 1728 264 1784; x_wconf 82' lang='lat' dir='ltr'>O.</span> <span class='ocrx_word' id='word_1_114' title='bbox 297 1728 401 1784; x_wconf 82' lang='lat' dir='ltr'>Confer</span> <span class='ocrx_word' id='word_1_115' title='bbox 417 1728 532 1783; x_wconf 87' lang='lat' dir='ltr'>inferius</span> <span class='ocrx_word' id='word_1_116' title='bbox 549 1728 584 1782; x_wconf 86' lang='lat' dir='ltr'>de</span> <span class='ocrx_word' id='word_1_117' title='bbox 601 1728 754 1800; x_wconf 81' lang='lat' dir='ltr'>evangelio,</span> <span class='ocrx_word' id='word_1_118' title='bbox 772 1729 805 1793; x_wconf 82' lang='lat' dir='ltr'>Q.</span> <span class='ocrx_word' id='word_1_119' title='bbox 828 1729 864 1796; x_wconf 84' lang='lat'>8.)</span> 
     </span>
    </p>
   </div>
   <div class='ocr_carea' id='block_1_7' title="bbox 110 1841 996 2096">
    <p class='ocr_par' dir='ltr' id='par_1_7' title="bbox 110 1841 996 2096">
     <span class='ocr_line' id='line_1_18' title="bbox 110 1841 996 1934; baseline 0.009 -28"><span class='ocrx_word' id='word_1_120' title='bbox 110 1841 149 1906; x_wconf 78' lang='lat'>22.</span> <span class='ocrx_word' id='word_1_121' title='bbox 181 1847 293 1926; x_wconf 72' lang='lat' dir='ltr'>Quibus</span> <span class='ocrx_word' id='word_1_122' title='bbox 308 1851 496 1934; x_wconf 75' lang='lat' dir='ltr'>arpumeatis</span> <span class='ocrx_word' id='word_1_123' title='bbox 505 1851 672 1934; x_wconf 77' lang='lat' dir='ltr'>probatur,</span> <span class='ocrx_word' id='word_1_124' title='bbox 696 1871 758 1913; x_wconf 79' lang='lat' dir='ltr'>eure</span> <span class='ocrx_word' id='word_1_125' title='bbox 772 1872 894 1913; x_wconf 80' lang='lat' dir='ltr'>sarram</span> <span class='ocrx_word' id='word_1_126' title='bbox 909 1850 996 1914; x_wconf 75' lang='lat' dir='ltr'>Scri·</span> 
     </span>
     <span class='ocr_line' id='line_1_19' title="bbox 121 1933 975 2020; baseline 0.007 -26"><span class='ocrx_word' id='word_1_127' title='bbox 121 1941 240 2011; x_wconf 71' lang='lat' dir='ltr'>puram,</span> <span class='ocrx_word' id='word_1_128' title='bbox 259 1956 337 2019; x_wconf 80' lang='lat' dir='ltr'>quae</span> <span class='ocrx_word' id='word_1_129' title='bbox 351 1936 475 2020; x_wconf 71' lang='lat' dir='ltr'>seraptis</span> <span class='ocrx_word' id='word_1_130' title='bbox 489 1933 537 1997; x_wconf 66' lang='lat' dir='ltr'>tis</span> <span class='ocrx_word' id='word_1_131' title='bbox 546 1935 737 2018; x_wconf 73' lang='lat' dir='ltr'>propheticis</span> <span class='ocrx_word' id='word_1_132' title='bbox 759 1945 787 1996; x_wconf 88' lang='lat' dir='ltr'>et</span> <span class='ocrx_word' id='word_1_133' title='bbox 801 1934 975 2018; x_wconf 72' lang='lat' dir='ltr'>apostolicis</span> 
     </span>
     <span class='ocr_line' id='line_1_20' title="bbox 212 2014 866 2096; baseline -0.003 -14"><span class='ocrx_word' id='word_1_134' title='bbox 212 2020 390 2096; x_wconf 74' lang='lat' dir='ltr'>continetur,</span> <span class='ocrx_word' id='word_1_135' title='bbox 411 2014 616 2082; x_wconf 73' lang='lat' dir='ltr'>indubitatum</span> <span class='ocrx_word' id='word_1_136' title='bbox 637 2022 761 2082; x_wconf 81' lang='lat' dir='ltr'>uerbum</span> <span class='ocrx_word' id='word_1_137' title='bbox 781 2014 866 2082; x_wconf 70' lang='lat' dir='ltr'>Det?</span> 
     </span>
    </p>
   </div>
   <div class='ocr_carea' id='block_1_8' title="bbox 103 2134 1002 3479">
    <p class='ocr_par' dir='ltr' id='par_1_8' title="bbox 110 2134 998 2393">
     <span class='ocr_line' id='line_1_21' title="bbox 121 2134 998 2234; baseline 0 -33"><span class='ocrx_word' id='word_1_138' title='bbox 121 2214 128 2230; x_wconf 30' lang='grc' dir='ltr'>ι</span> <span class='ocrx_word' id='word_1_139' title='bbox 164 2136 297 2234; x_wconf 74' lang='lat' dir='ltr'>⁸Variis:</span> <span class='ocrx_word' id='word_1_140' title='bbox 320 2146 369 2200; x_wconf 93' lang='lat' dir='ltr'>est</span> <span class='ocrx_word' id='word_1_141' title='bbox 390 2135 475 2198; x_wconf 92' lang='lat' dir='ltr'>enim</span> <span class='ocrx_word' id='word_1_142' title='bbox 490 2134 656 2223; x_wconf 86' lang='lat' dir='ltr'>Scriptura</span> <span class='ocrx_word' id='word_1_143' title='bbox 677 2135 757 2199; x_wconf 91' lang='lat' dir='ltr'>haec</span> <span class='ocrx_word' id='word_1_144' title='bbox 778 2158 868 2201; x_wconf 87' lang='lat' dir='ltr'>sacra</span> <span class='ocrx_word' id='word_1_145' title='bbox 890 2139 918 2204; x_wconf 92' lang='lat' dir='ltr'>l.</span> <span class='ocrx_word' id='word_1_146' title='bbox 941 2159 998 2201; x_wconf 91' lang='lat' dir='ltr'>an-</span> 
     </span>
     <span class='ocr_line' id='line_1_22' title="bbox 146 2220 274 2285; baseline 0.008 -1"><span class='ocrx_word' id='word_1_147' title='bbox 146 2220 274 2285; x_wconf 71' lang='lat' dir='ltr'>tissima.</span> 
     </span>
     <span class='ocr_line' id='line_1_23' title="bbox 110 2224 997 2393; baseline 0.005 -24"><span class='ocrx_word' id='word_1_148' title='bbox 110 2224 146 2301; x_wconf 39' lang='grc' dir='ltr'>ιη</span> <span class='ocrx_word' id='word_1_149' title='bbox 176 2306 203 2372; x_wconf 82' lang='grc'>2.</span> <span class='ocrx_word' id='word_1_150' title='bbox 224 2306 327 2370; x_wconf 87' lang='lat' dir='ltr'>Plane</span> <span class='ocrx_word' id='word_1_151' title='bbox 342 2304 498 2389; x_wconf 82' lang='lat' dir='ltr'>singulari</span> <span class='ocrx_word' id='word_1_152' title='bbox 512 2304 666 2368; x_wconf 87' lang='lat' dir='ltr'>sermonis</span> <span class='ocrx_word' id='word_1_153' title='bbox 681 2326 798 2390; x_wconf 84' lang='lat' dir='ltr'>genere</span> <span class='ocrx_word' id='word_1_154' title='bbox 809 2311 997 2393; x_wconf 87' lang='lat' dir='ltr'>conscripta.</span> 
     </span>
    </p>

    <p class='ocr_par' dir='ltr' id='par_1_9' title="bbox 110 2388 1001 2560">
     <span class='ocr_line' id='line_1_24' title="bbox 176 2388 1001 2476; baseline 0.001 -21"><span class='ocrx_word' id='word_1_155' title='bbox 176 2391 203 2455; x_wconf 87' lang='grc'>3.</span> <span class='ocrx_word' id='word_1_156' title='bbox 223 2388 481 2454; x_wconf 86' lang='lat' dir='ltr'>Abstrusissimis</span> <span class='ocrx_word' id='word_1_157' title='bbox 503 2389 681 2474; x_wconf 80' lang='lat' dir='ltr'>mysteriis,</span> <span class='ocrx_word' id='word_1_158' title='bbox 709 2389 879 2456; x_wconf 87' lang='lat' dir='ltr'>coelestem</span> <span class='ocrx_word' id='word_1_159' title='bbox 900 2394 1001 2476; x_wconf 89' lang='lat' dir='ltr'>maje-</span> 
     </span>
     <span class='ocr_line' id='line_1_25' title="bbox 110 2473 631 2560; baseline 0.004 -22"><span class='ocrx_word' id='word_1_160' title='bbox 110 2477 204 2538; x_wconf 74' lang='lat' dir='ltr'>statem</span> <span class='ocrx_word' id='word_1_161' title='bbox 224 2474 486 2560; x_wconf 73' lang='lat' dir='ltr'>exprimentibus,</span> <span class='ocrx_word' id='word_1_162' title='bbox 506 2473 631 2540; x_wconf 80' lang='lat' dir='ltr'>referta.</span> 
     </span>
    </p>

    <p class='ocr_par' dir='ltr' id='par_1_10' title="bbox 107 2558 1001 2731">
     <span class='ocr_line' id='line_1_26' title="bbox 175 2558 1001 2643; baseline 0 -19"><span class='ocrx_word' id='word_1_163' title='bbox 175 2561 203 2624; x_wconf 89' lang='lat'>4.</span> <span class='ocrx_word' id='word_1_164' title='bbox 226 2559 397 2628; x_wconf 85' lang='lat' dir='ltr'>Vaticiniis</span> <span class='ocrx_word' id='word_1_165' title='bbox 411 2581 497 2623; x_wconf 91' lang='lat' dir='ltr'>mere</span> <span class='ocrx_word' id='word_1_166' title='bbox 512 2558 639 2635; x_wconf 79' lang='lat' dir='ltr'>divinis,</span> <span class='ocrx_word' id='word_1_167' title='bbox 661 2558 898 2643; x_wconf 80' lang='lat' dir='ltr'>eorundemque</span> <span class='ocrx_word' id='word_1_168' title='bbox 913 2581 1001 2624; x_wconf 91' lang='lat' dir='ltr'>com-</span> 
     </span>
     <span class='ocr_line' id='line_1_27' title="bbox 107 2638 379 2731; baseline 0.015 -28"><span class='ocrx_word' id='word_1_169' title='bbox 107 2638 256 2724; x_wconf 89' lang='lat' dir='ltr'>plementis</span> <span class='ocrx_word' id='word_1_170' title='bbox 274 2645 379 2731; x_wconf 87' lang='lat' dir='ltr'>plena.</span> 
     </span>
    </p>

    <p class='ocr_par' dir='ltr' id='par_1_11' title="bbox 104 2727 1001 2964">
     <span class='ocr_line' id='line_1_28' title="bbox 175 2727 1001 2826; baseline -0.006 -31"><span class='ocrx_word' id='word_1_171' title='bbox 175 2730 203 2795; x_wconf 82' lang='lat'>5.</span> <span class='ocrx_word' id='word_1_172' title='bbox 222 2729 423 2794; x_wconf 83' lang='lat' dir='ltr'>Admiranda</span> <span class='ocrx_word' id='word_1_173' title='bbox 442 2728 584 2792; x_wconf 92' lang='lat' dir='ltr'>omnium</span> <span class='ocrx_word' id='word_1_174' title='bbox 597 2728 735 2814; x_wconf 86' lang='lat' dir='ltr'>partium</span> <span class='ocrx_word' id='word_1_175' title='bbox 750 2727 912 2792; x_wconf 90' lang='lat' dir='ltr'>doctrinae</span> <span class='ocrx_word' id='word_1_176' title='bbox 925 2749 1001 2826; x_wconf 89' lang='lat' dir='ltr'>pro·</span> 
     </span>
     <span class='ocr_line' id='line_1_29' title="bbox 104 2808 1001 2900; baseline 0.002 -26"><span class='ocrx_word' id='word_1_177' title='bbox 104 2808 234 2897; x_wconf 84' lang='lat' dir='ltr'>pheticae</span> <span class='ocrx_word' id='word_1_178' title='bbox 264 2826 296 2879; x_wconf 92' lang='lat' dir='ltr'>et</span> <span class='ocrx_word' id='word_1_179' title='bbox 323 2813 518 2900; x_wconf 84' lang='lat' dir='ltr'>apostolicae</span> <span class='ocrx_word' id='word_1_180' title='bbox 549 2812 715 2877; x_wconf 85' lang='lat' dir='ltr'>harmonia</span> <span class='ocrx_word' id='word_1_181' title='bbox 736 2824 768 2877; x_wconf 81' lang='lat' dir='ltr'>et</span> <span class='ocrx_word' id='word_1_182' title='bbox 792 2828 1001 2877; x_wconf 74' lang='lat' dir='ltr'>consensione</span> 
     </span>
     <span class='ocr_line' id='line_1_30' title="bbox 104 2897 299 2964; baseline 0.015 -3"><span class='ocrx_word' id='word_1_183' title='bbox 104 2897 299 2964; x_wconf 81' lang='lat' dir='ltr'>conformata·</span> 
     </span>
    </p>

    <p class='ocr_par' dir='ltr' id='par_1_12' title="bbox 103 2981 999 3154">
     <span class='ocr_line' id='line_1_31' title="bbox 175 2981 999 3057; baseline -0.006 -8"><span class='ocrx_word' id='word_1_184' title='bbox 175 2985 204 3050; x_wconf 77' lang='grc'>6.</span> <span class='ocrx_word' id='word_1_185' title='bbox 225 2985 282 3048; x_wconf 91' lang='lat' dir='ltr'>Ad</span> <span class='ocrx_word' id='word_1_186' title='bbox 300 2983 398 3048; x_wconf 78' lang='lat' dir='ltr'>fidem</span> <span class='ocrx_word' id='word_1_187' title='bbox 426 2993 456 3047; x_wconf 93' lang='lat' dir='ltr'>et</span> <span class='ocrx_word' id='word_1_188' title='bbox 482 2998 589 3047; x_wconf 80' lang='lat' dir='ltr'>mores</span> <span class='ocrx_word' id='word_1_189' title='bbox 614 2981 849 3057; x_wconf 76' lang='lat' dir='ltr'>informandos,</span> <span class='ocrx_word' id='word_1_190' title='bbox 877 2992 999 3044; x_wconf 75' lang='lat' dir='ltr'>errores</span> 
     </span>
     <span class='ocr_line' id='line_1_32' title="bbox 103 3054 935 3154; baseline 0.006 -27"><span class='ocrx_word' id='word_1_191' title='bbox 103 3082 168 3134; x_wconf 81' lang='lat' dir='ltr'>reto</span> <span class='ocrx_word' id='word_1_192' title='bbox 189 3068 318 3154; x_wconf 84' lang='lat' dir='ltr'>quosvis</span> <span class='ocrx_word' id='word_1_193' title='bbox 341 3068 537 3145; x_wconf 82' lang='lat' dir='ltr'>refutandos,</span> <span class='ocrx_word' id='word_1_194' title='bbox 557 3067 764 3151; x_wconf 78' lang='lat' dir='ltr'>undiquaque</span> <span class='ocrx_word' id='word_1_195' title='bbox 808 3054 935 3132; x_wconf 80' lang='lat' dir='ltr'>erlec‘ta.</span> 
     </span>
    </p>

    <p class='ocr_par' dir='ltr' id='par_1_13' title="bbox 103 3144 1002 3411">
     <span class='ocr_line' id='line_1_33' title="bbox 178 3144 1000 3229; baseline -0.004 -13"><span class='ocrx_word' id='word_1_196' title='bbox 178 3144 205 3223; x_wconf 82' lang='grc'>7.</span> <span class='ocrx_word' id='word_1_197' title='bbox 227 3146 436 3219; x_wconf 84' lang='lat' dir='ltr'>Admirandis</span> <span class='ocrx_word' id='word_1_198' title='bbox 451 3145 584 3229; x_wconf 83' lang='lat' dir='ltr'>effectis,</span> <span class='ocrx_word' id='word_1_199' title='bbox 597 3151 632 3216; x_wconf 94' lang='lat' dir='ltr'>in</span> <span class='ocrx_word' id='word_1_200' title='bbox 646 3150 772 3216; x_wconf 87' lang='lat' dir='ltr'>afficien</span> <span class='ocrx_word' id='word_1_201' title='bbox 795 3151 821 3213; x_wconf 82' lang='lat' dir='ltr'>&#39;s</span> <span class='ocrx_word' id='word_1_202' title='bbox 835 3150 1000 3214; x_wconf 87' lang='lat' dir='ltr'>hominum</span> 
     </span>
     <span class='ocr_line' id='line_1_34' title="bbox 103 3235 1002 3317; baseline -0.001 -18"><span class='ocrx_word' id='word_1_203' title='bbox 103 3236 217 3317; x_wconf 82' lang='lat' dir='ltr'>animis,</span> <span class='ocrx_word' id='word_1_204' title='bbox 238 3241 276 3304; x_wconf 80' lang='lat' dir='ltr'>in</span> <span class='ocrx_word' id='word_1_205' title='bbox 294 3238 463 3304; x_wconf 80' lang='lat' dir='ltr'>excitanda</span> <span class='ocrx_word' id='word_1_206' title='bbox 484 3247 516 3302; x_wconf 89' lang='lat' dir='ltr'>et</span> <span class='ocrx_word' id='word_1_207' title='bbox 536 3237 752 3301; x_wconf 84' lang='lat' dir='ltr'>confirmanda</span> <span class='ocrx_word' id='word_1_208' title='bbox 772 3235 850 3313; x_wconf 88' lang='lat' dir='ltr'>fide,</span> <span class='ocrx_word' id='word_1_209' title='bbox 872 3235 905 3298; x_wconf 92' lang='lat' dir='ltr'>in</span> <span class='ocrx_word' id='word_1_210' title='bbox 927 3249 1002 3299; x_wconf 83' lang='lat' dir='ltr'>con·</span> 
     </span>
     <span class='ocr_line' id='line_1_35' title="bbox 103 3320 791 3411; baseline -0.006 -25"><span class='ocrx_word' id='word_1_211' title='bbox 103 3323 234 3389; x_wconf 80' lang='lat' dir='ltr'>rolandia</span> <span class='ocrx_word' id='word_1_212' title='bbox 256 3335 287 3390; x_wconf 88' lang='lat' dir='ltr'>et</span> <span class='ocrx_word' id='word_1_213' title='bbox 308 3322 527 3411; x_wconf 86' lang='lat' dir='ltr'>gubernandis</span> <span class='ocrx_word' id='word_1_214' title='bbox 544 3322 617 3409; x_wconf 91' lang='lat' dir='ltr'>piis,</span> <span class='ocrx_word' id='word_1_215' title='bbox 638 3320 791 3408; x_wconf 84' lang='lat' dir='ltr'>praedita.</span> 
     </span>
    </p>

    <p class='ocr_par' dir='ltr' id='par_1_14' title="bbox 825 3426 896 3479">
     <span class='ocr_line' id='line_1_36' title="bbox 825 3426 896 3479; baseline 0 -40"><span class='ocrx_word' id='word_1_216' title='bbox 825 3433 841 3479; x_wconf 43' lang='grc' dir='ltr'><strong><em>Ἰ</em></strong></span> <span class='ocrx_word' id='word_1_217' title='bbox 883 3426 896 3439; x_wconf 70' lang='lat'>„</span> 
     </span>
    </p>
   </div>
   <div class='ocr_carea' id='block_1_9' title="bbox 0 0 1130 3772">
    <p class='ocr_par' dir='ltr' id='par_1_15' title="bbox 0 0 1130 3772">
     <span class='ocr_line' id='line_1_37' title="bbox 0 0 1130 3772; baseline 0 2"><span class='ocrx_word' id='word_1_218' title='bbox 0 0 1130 3772; x_wconf 95' lang='lat' dir='ltr'> </span> 
     </span>
    </p>
   </div>
  </div>
 </body>
</html>
