2250 3772
337 247 389 312 De
413 248 778 318 transsubstantiatione.
955 250 1017 316 571

99 412 167 491 ris,
187 414 327 499 saporis,
350 417 570 503 rotunditatis,
593 419 794 504 quantitatis,
817 419 876 483 sub
894 421 1018 570 &uibus

103 521 144 563 ao
185 521 224 562 us
253 511 285 564 et
317 503 448 587 sanguis
481 502 601 569 Christi
633 505 840 571 contineatur.
924 507 1017 573 oncil.

102 582 165 649 Tri
189 595 251 649 ent
274 609 345 653 sess.
370 588 418 653 13.
447 591 480 651 in
507 593 612 656 decret.
642 593 679 653 de
701 615 832 655 sacram.
856 593 1016 658 eucharist.

100 693 128 737 c.
150 669 182 735 4.
204 681 233 733 et
253 695 319 736 can.
341 672 370 737 2.
414 673 598 740 Bellarmin.
627 675 677 738 bb.
699 676 729 740 3.
752 679 788 740 dc
810 699 942 742 sacram.
966 701 1017 742 ca-

102 754 230 818 cbarast.
251 779 275 820 c.
300 756 349 822 18.
375 769 444 820 tom.
466 759 496 823 3.
520 761 574 826 col.
595 759 667 824 615.

96 889 155 956 47.
192 888 309 967 Quibus
331 881 548 971 'fundamentis
573 896 834 979 Jichatarrt'boc
855 897 1015 959 transsab-

249 978 458 1040 staaticte'oaa'a
479 981 623 1042 evertitur
645 1001 681 1041 ac
703 978 876 1062 refellitur?

196 1085 411 1152 Validissimis.
457 1089 484 1150 1.
511 1086 597 1151 enim
618 1087 777 1172 usquein
797 1089 904 1153 verbis
926 1089 1033 1153 insti--

97 1168 251 1245 tutionis,
283 1179 436 1254 tanquam
464 1172 596 1259 propria
628 1172 720 1249 sede,
752 1195 855 1257 neque
887 1174 922 1238 in
949 1186 1016 1239 tota

99 1251 270 1339 Scriptura
290 1254 534 1320 fiindamentum
551 1258 648 1321 habet
668 1254 779 1322 ullum.

187 1340 216 1402 2.
240 1339 359 1403 Paulas
383 1340 417 1404 in
431 1341 503 1427 ipso
516 1366 587 1420 usa,
609 1364 710 1425 aeque
726 1356 811 1427 post,
832 1364 929 1427 quam
945 1352 1017 1406 cate

97 1422 384 1502 consecrationem,
406 1449 522 1511 panem
540 1438 572 1491 et
592 1426 702 1490 vinum
723 1427 842 1491 diserte
862 1425 1016 1504 nominat,

100 1511 132 1575 1.
160 1507 231 1574 Cor,
255 1509 305 1586 11,
325 1510 376 1576 27.
398 1512 449 1575 29.
976 1529 978 1532 ’

188 1593 217 1657 3.
245 1591 337 1658 Idem
364 1618 481 1680 panem
511 1607 543 1660 et
571 1595 703 1661 calicem
724 1606 817 1661 vocat
838 1595 1016 1661 communi-

95 1677 260 1743 cationem
285 1681 427 1764 corporis
457 1691 489 1745 et
517 1681 684 1766 sanguinis
713 1679 848 1764 Christi,
882 1682 910 1747 1.
945 1683 1013 1748 Cor.

97 1766 159 1841 10,
188 1764 237 1828 16.
283 1762 539 1830 Communioatio
570 1778 677 1831 autem
703 1765 743 1830 ad
772 1765 939 1829 minimum
966 1781 1015 1830 est

93 1848 184 1915 inter
205 1846 278 1914 duo.
918 1912 924 1923 ,

183 1932 214 1997 4.
242 1931 282 1995 In
311 1933 399 1999 omni
424 1945 622 1999 sacramento
650 1933 823 2018 requiritur
847 1944 1014 1998 externum
1119 1936 1121 1943 ’

95 2017 295 2095 elementum
314 2017 380 2083 sive
403 2043 453 2084 res
478 2031 612 2084 terrena.
654 2019 694 2085 Ε.
717 2030 749 2083 et
770 2019 849 2084 haec
869 2019 904 2082 in
924 2040 1015 2083 sacra

96 2125 204 2168 coena
224 2124 289 2165 non
312 2103 486 2181 abolenda,
509 2104 565 2168 sed
586 2104 759 2170 retinenda.

184 2187 214 2253 ὃ.
237 2186 426 2253 Absurdum
450 2201 498 2254 est
513 2201 544 2254 et
559 2199 669 2254 contra
683 2211 810 2253 omnem
825 2211 922 2253 sanae
942 2188 1014 2276 phi-

94 2270 267 2357 losophiae
282 2273 455 2338 rationem:
479 2274 655 2340 accidentia
677 2275 746 2339 sola
767 2296 930 2339 remanere
945 2274 1014 2339 sine

93 2356 255 2441 subjecto.
300 2358 379 2423 Cam
401 2363 685 2426 accidentiamesse
707 2363 882 2437 ticinense,
912 2374 940 2425 ct
960 2386 1012 2425 cc-

93 2445 203 2508 cidens
226 2455 315 2506 satra
336 2447 541 2509 srcbstcnte'am
562 2471 624 2510 aaa
646 2447 740 2509 cariat
764 2458 782 2510 t.

170 2541 265 2607 (Ratio
288 2547 309 2596 1.
330 2542 367 2596 ab
388 2543 536 2598 autoritate
555 2544 651 2598 divina
668 2544 809 2615 negativa.
848 2550 871 2600 2.
889 2543 917 2597 A
935 2544 1012 2598 tasti-

93 2609 192 2666 monio
210 2610 303 2664 divino
324 2612 462 2666 contrario
480 2611 569 2666 Pauli.
604 2613 691 2695 34Ab
711 2613 844 2684 adjuncta
861 2613 1013 2667 communi·

93 2679 217 2737 cationis
238 2679 355 2734 relativa
376 2681 516 2750 qualitate¹
554 2681 632 2746 Quae
650 2681 724 2736 enim
745 2681 909 2750 simpliciter
925 2699 1013 2735 unum

94 2753 181 2815 sunt,
198 2747 271 2802 inter
289 2765 322 2802 ea
341 2749 553 2804 communicatio
571 2766 632 2805 esse
650 2767 705 2804 non
723 2755 824 2820 potest.
862 2749 920 2806 Ubi
939 2751 1013 2804 enirn

94 2816 229 2885 relatum,
251 2816 292 2870 ibi
312 2823 340 2872 et
359 2818 533 2872 correlatum.
569 2825 594 2874 4.
611 2821 639 2873 Α
657 2819 797 2889 requisitis
819 2818 1013 2873 essentialibus

93 2888 346 2948 sacramentorum,
377 2887 476 2958 regula
507 2887 676 2943 orthodoxae
706 2886 880 2958 antiquitatis
905 2887 1013 2957 duphci

93 2953 286 3023 comprobata,
306 2971 425 3025 quarum
443 2955 466 3009 Ι.
486 2955 631 3010 Generalis
650 2957 803 3025 Aaqaatia.
821 2960 901 3009 tract.
923 2961 962 3011 80.
981 2955 1011 3010 in

93 3038 197 3093 evang.
216 3022 279 3077 Joh.
304 3029 324 3076 t.
345 3028 367 3077 9.
395 3023 446 3078 col.
464 3030 523 3080 445.
543 3025 583 3078 A:
616 3025 745 3078 Accedat
762 3025 875 3078 vatam
898 3027 940 3077 ad
956 3025 1012 3078 eic-

91 3099 233 3158 mentam,
260 3099 287 3146 et
308 3094 348 3160 fit
370 3101 584 3147 sacramentam.
620 3092 658 3146 Π.
677 3092 812 3163 specialis
834 3092 953 3146 Irenaes'
977 3108 1015 3147 ex

91 3160 146 3217 lib.
167 3167 192 3216 4.
212 3161 274 3218 adv,
293 3160 369 3214 haer.
394 3178 417 3214 c.
436 3167 477 3216 34.
503 3180 531 3232 p.
550 3167 608 3217 264.
633 3180 659 3216 n.
680 3167 709 3216 6:
742 3162 929 3216 Eucharistia
948 3179 1012 3216 cca·

93 3237 157 3284 atat
175 3231 286 3283 dachas
304 3230 395 3297 rebar,
414 3237 528 3284 terrena
546 3240 572 3284 et
591 3231 712 3285 coelesti.
741 3229 909 3302 Ubicunque
923 3230 954 3284 Ε.
967 3248 1012 3284 res

89 3303 211 3354 tenena
227 3302 346 3362 nonest,
366 3298 405 3353 ibi
416 3316 470 3353 nec
481 3304 684 3353 sacramentum
699 3305 748 3354 est.
774 3299 940 3354 accidentia
952 3299 1013 3353 sola

1000 3374 1104 3536 Γ
