2250 3772
283 245 335 310 De
357 245 549 330 Augustam
570 244 780 310 confessione.
920 246 984 311 619

68 414 126 468 leae
146 413 335 483 persuasione
359 416 396 467 de
422 413 621 493 traditionibus
646 413 736 468 multa
758 415 936 468 incommoda
954 414 987 467 in

37 476 43 496 “
67 482 193 537 ecclesia
208 491 306 536 secuta
322 490 394 538 sunt.
662 526 665 531 .

141 552 239 605 Primo
265 553 416 605 obscurata
438 560 478 606 est
502 552 634 605 doctrina
657 552 694 604 de
710 551 812 619 'pratia
831 560 857 605 et
867 550 986 619 justitia

60 620 155 690 fidei,
181 636 252 688 quae
278 629 320 674 est
339 621 498 689 praecipua
518 638 592 689 pars
616 619 757 689 eocnpelii
782 627 809 672 et
825 638 909 689 quam
924 637 983 674 mo·

70 688 147 743 nime
172 695 283 758 oportet
303 697 398 742 estare
425 697 452 743 et
470 691 590 742 eminere
608 690 638 742 in
658 689 787 753 ecclesia,
804 698 836 742 ut
854 689 984 743 meritum

72 758 196 813 obruti.
211 758 276 811 bene
302 765 489 827 ccpncscatur
516 765 542 811 et
559 759 645 826 fides,
672 773 744 826 quae
766 759 858 811 credit
877 757 985 812 remitti

63 834 189 897 peccata
202 834 324 895 propter
346 826 494 895 Christum,
513 827 593 892 loape
608 843 698 894 supra
715 843 804 895 opera
820 828 983 882 collocetur.

73 894 173 957 Qsecre
189 903 214 949 et
230 895 341 948 Paulus
359 896 390 947 in
405 897 477 948 bunc
495 896 587 949 locum
605 896 724 949 manime
735 896 876 959 incumbit,
896 896 985 962 lepem
1068 920 1070 927 ·

67 971 99 1017 et
120 963 289 1017 traditiones
313 965 451 1017 leumanas
473 971 607 1031 removet,
638 971 670 1017 ut
694 967 824 1018 ostendat
841 965 985 1033 justitiam

67 1032 258 1086 obsidionum
274 1033 358 1086 aliud
375 1033 514 1101 quiddam
531 1048 599 1100 esse,
616 1049 700 1100 quam
711 1034 876 1101 hujusmodi
887 1050 985 1102 opera,

65 1102 202 1155 uidelicet
214 1103 312 1170 fidem,
333 1118 404 1170 quae
416 1102 508 1154 credit
519 1108 636 1170 peccata
647 1102 738 1170 pratis
749 1103 855 1154 remitti
866 1111 985 1172 propter

34 1204 39 1211 -
67 1170 226 1225 Cleristum.
263 1170 380 1224 Adlaec
404 1171 537 1223 doctrina
558 1169 649 1222 Pauli
666 1187 740 1238 pene
766 1177 826 1223 tota
848 1188 985 1240 oppressa

67 1247 114 1292 est
126 1254 182 1308 per
200 1239 378 1307 traditiones,
397 1254 468 1307 quae
475 1245 649 1308 pepererunt
659 1238 827 1307 opinionem,
844 1242 984 1308 quodper

68 1307 239 1361 discrimino
268 1308 394 1361 ciberum
420 1315 446 1360 et
474 1307 580 1361 similes
606 1307 698 1360 cultus
727 1314 854 1375 oporteat
880 1309 984 1361 mereri

69 1376 197 1445 qratiam
215 1383 242 1428 et
257 1376 406 1444 justitiam.
436 1377 473 1429 In
486 1376 662 1444 poenitentia
681 1376 764 1428 nulla
781 1375 883 1430 mentio
901 1377 985 1440 fiebat

64 1447 106 1499 de
121 1446 187 1511 fide,
205 1453 313 1498 tontum
330 1446 399 1498 baec
417 1462 505 1525 opero
524 1444 723 1510 satisfactoria
742 1446 983 1513 proponebantur.

67 1514 174 1569 lubic
193 1514 341 1567 uidebatur
359 1514 532 1582 poenitentia
550 1521 610 1568 tota
629 1513 786 1569 consistere.
899 1532 900 1536 ¹

142 1582 272 1636 Secundo
307 1583 361 1636 lae
392 1583 561 1636 traditiones
586 1583 803 1637 obscuraverunt
829 1591 1002 1651 praecepta.

67 1651 143 1720 Dei,
170 1652 238 1719 quio
263 1651 434 1705 traditiones
456 1652 539 1719 lonpe
559 1652 801 1719 praeferebantur
822 1653 983 1721 praeceptis

66 1721 133 1775 Dei
137 1761 144 1789 ,
164 1720 389 1773 christianismus
410 1728 482 1774 totus
497 1721 653 1788 putabatur
670 1737 730 1772 esse
748 1720 904 1774 obseruatio
924 1737 983 1774 cer·

64 1797 163 1843 tarum
174 1790 332 1856 feriarum,
350 1791 467 1857 rituum,
479 1789 675 1856 jejuniorum,
695 1788 818 1840 stestitus.
855 1788 919 1841 Hae
937 1790 983 1842 cb·

64 1858 242 1911 sanationes
261 1865 342 1917 erant
359 1859 390 1910 in
403 1859 582 1926 possessione
599 1856 789 1910 honestissimi
800 1856 884 1924 tituli,
904 1860 983 1924 qued

67 1935 162 1980 essent
177 1926 236 1980 uita
253 1926 414 1994 spiritualis
434 1934 460 1979 et
478 1926 684 1993 vitapcrfecta.
713 1923 833 1977 Interim
846 1927 984 1993 mandata

65 1996 131 2050 Dei
149 1995 237 2063 juata
257 1995 428 2048 occationem
453 1994 563 2047 nullam
583 1994 705 2046 laudem
725 1993 865 2047 habebam
872 2032 880 2059 ,
906 1984 985 2074 qdod

59 2063 283 2134 paterfamilias
308 2064 443 2117 educabat
468 2063 604 2124 sobolem,
628 2062 706 2130 quod
725 2068 817 2114 mater
840 2064 982 2131 pariebat,

68 2134 148 2202 qaod
153 2133 289 2202 princeps
300 2134 414 2200 repebat
426 2132 636 2199 rempublicam,
655 2131 723 2182 laec
730 2131 910 2200 putabantsu·
922 2148 982 2185 esse

64 2218 159 2271 opera
182 2203 328 2254 mundana
353 2209 379 2254 et
403 2201 573 2268 imperfecta
598 2207 624 2252 et
648 2199 732 2267 lcnpe
757 2200 902 2253 deteriora
921 2200 983 2254 illis

65 2270 230 2339 splendidis
247 2270 493 2326 obseruationibus.
522 2271 562 2322 Et
580 2268 626 2321 tic
640 2285 722 2322 error
739 2268 825 2322 ualde
845 2269 982 2324 cruciouit

65 2340 136 2408 pias
152 2336 345 2406 conscientias,
365 2355 436 2408 quae
456 2338 590 2392 dolebant
608 2353 638 2390 se
654 2337 746 2390 teneri
762 2338 928 2406 imperfecto
941 2339 983 2392 ci·

65 2416 115 2461 tae
132 2424 242 2475 penore,
261 2408 291 2459 in
308 2408 449 2478 conjupio,
468 2408 498 2459 in
515 2407 742 2474 mapistratibus,
760 2414 811 2459 cut
828 2407 897 2460 aliis
913 2408 982 2473 fun·

64 2476 209 2530 ctionibus
230 2476 372 2544 ciuilibus,
398 2476 574 2529 mirabantur
598 2475 748 2528 monachos
765 2482 792 2527 et
809 2474 940 2540 similes,
954 2482 983 2529 et

63 2545 148 2612 salso
162 2546 302 2612 putabant
317 2545 434 2598 illorum
452 2544 659 2597 obseruationes
670 2545 736 2596 Deo
752 2543 894 2610 arctiores
911 2559 980 2600 esse.

139 2614 235 2667 Tertio
258 2613 428 2666 traditiones
457 2614 611 2666 adolerent
632 2628 736 2680 mapna
756 2611 890 2679 pericula
915 2629 999 2666 ccn·.

64 2682 208 2746 scientiis,
232 2682 300 2750 quia
324 2682 497 2750 impossibile
521 2687 595 2748 crat,
618 2697 712 2733 omnes
732 2680 902 2734 traditiones
920 2697 980 2735 ser·

65 2767 143 2815 oure,
162 2757 299 2804 ettamen
316 2751 441 2805 homines
461 2750 689 2813 arbitrabantur,
706 2749 758 2802 bas
776 2749 982 2805 observationes

65 2818 244 2873 necessarios
262 2836 322 2872 esse
340 2819 439 2873 cultus.
473 2817 584 2872 Gerscn
601 2817 706 2884 scribit,
726 2817 828 2870 multos
845 2817 982 2871 incidisse

64 2888 99 2942 in
121 2888 356 2957 despmmionem,
381 2889 521 2956 qtsosdcm
544 2891 629 2941 ctiam
651 2887 708 2939 sibi
731 2893 848 2939 martem
875 2886 981 2940 consci-

64 2957 150 3024 cisse,
168 2957 407 3026 quia-senserant,
424 2974 453 3010 sc
471 2973 528 3009 non
541 2972 627 3026 posse
637 2955 806 3022 satisfacere
819 2955 981 3008 traditioni-

65 3027 125 3089 bus,
143 3033 170 3078 et
187 3026 300 3079 interim
319 3027 540 3080 consolationem
555 3023 665 3078 nullam
683 3025 719 3077 dc
731 3021 850 3092 justitia
866 3023 938 3089 fidei
954 3031 982 3077 et

64 3094 165 3165 pratia
185 3095 347 3148 auAEerant.
917 3116 919 3121 ⁴

130 3162 274 3218 Videmus
297 3163 457 3217 summistae
484 3170 510 3215 et
528 3161 672 3228 tbcolcpcs
689 3159 825 3229 collipers
843 3160 977 3215 madiis-

62 3248 116 3285 aes
143 3240 171 3285 et
195 3249 330 3301 quaerere
359 3234 517 3300 ἐπιεικείας,
542 3238 573 3283 ut
591 3231 681 3283 lacent
698 3229 898 3294 conscientias,
924 3247 981 3284 non
1009 3249 1013 3258 ·

62 3299 138 3354 satis
153 3308 247 3354 tamen
268 3302 434 3370 capediunt,
452 3302 504 3354 sed
522 3299 663 3353 interdum
680 3297 772 3367 mapis
789 3298 921 3367 mjiciunt
937 3298 981 3353 la·
