2250 3772
377 346 380 353 Ι
414 247 477 313 'De
496 247 659 314 electione.
932 251 995 318 401

117 402 151 479 2.
169 413 257 492 Quia
276 427 322 480 ast
341 417 420 481 iilud
432 421 630 504 propositam
659 429 687 482 et
708 419 925 502 beneplacitam
946 444 999 484 vo·

117 500 216 564 mara
236 502 371 587 divinas,
393 505 556 566 secandam
581 504 663 585 qaod
681 504 833 567 credentes
854 507 887 567 ia
909 504 999 570 ctri-

350 597 431 650 stam
451 588 570 652 calvare
591 583 741 650 decrevit?

68 724 71 735 ·
179 700 249 767 Non
271 714 320 768 est
342 705 534 783 absolutum,
556 704 613 768 sed
635 702 745 768 ordine
767 716 853 770 certo
875 706 921 771 sic
941 707 997 772 de-

68 790 73 865 Ῐ,
118 784 292 853 terminatum
323 800 359 853 ut
391 812 500 854 omnes
533 787 643 854 salutis
670 800 797 854 nostrae
824 814 935 856 causas
964 804 996 858 et

118 869 198 935 media
217 894 273 937 suo
296 874 356 938 sub
383 875 552 961 complexu
573 873 740 938 contineat.

119 1002 142 1069 d.
170 1004 320 1086 Quaenam
354 1023 424 1075 sarit
455 1014 532 1077 istae
558 1014 667 1077 salatia
696 1002 820 1077 nostrae
842 1024 1001 1076 causaest

482 1094 604 1162 media?

68 1194 81 1265 i
180 1208 235 1275 Est
256 1212 286 1277 1.
309 1188 432 1296 infinita
453 1213 520 1277 Dei
536 1217 767 1288 misericordia,
797 1237 879 1299 quae
900 1214 997 1279 totius

118 1294 217 1374 generis
236 1296 368 1361 humani
388 1297 522 1361 salutem
544 1299 627 1363 serio
649 1310 681 1363 et
702 1299 850 1363 ardenter
870 1298 998 1386 expetit.

181 1380 236 1445 Est
256 1382 286 1447 2.
309 1384 462 1463 infinitum
479 1384 596 1447 Citriati
612 1387 763 1460 caeritum,
785 1406 880 1469 quem
901 1384 998 1448 totius

119 1464 218 1559 ameris
245 1465 376 1531 humani
405 1467 613 1532 mediatorem
640 1479 672 1533 et
701 1470 911 1533 redemtorem
942 1470 999 1533 de-

69 1530 76 1585 ³
118 1550 227 1615 amnt

68 2610 79 2737 i

120 1654 125 1661 ·
180 1634 237 1699 Est
262 1636 292 1698 3.
321 1637 524 1699 ministeriam
556 1640 641 1700 verbi
671 1649 700 1700 et
723 1651 1000 1724 'sacramentorum

118 1732 166 1795 quo
189 1717 344 1785 beneficia
374 1718 495 1784 Christi
526 1721 639 1785 merito
671 1732 763 1807 parta
794 1720 853 1786 toti
879 1723 999 1787 mundo

118 1796 201 1868 offerri
218 1803 327 1870 voluit.

119 1964 138 1981 ,ο
179 1888 236 1954 Est
255 1891 286 1955 4.
307 1890 444 1971 salvifica
456 1891 550 1973 fides,
573 1913 669 1974 quam
683 1890 841 1955 mediante
857 1887 1000 1954 ministe-

118 1984 153 2031 sso
174 1974 257 2039 verbi
279 1984 311 2038 et
342 1985 625 2058 sacramentorum,
655 1975 838 2061 operatione
860 1972 1000 2059 Spiritus

118 2052 176 2120 sin
192 2058 355 2124 hominum
376 2058 490 2121 animis
512 2061 694 2136 accendere,
717 2073 747 2124 et
763 2082 821 2146 per
835 2059 917 2123 hano
931 2082 999 2123 cm-

117 2154 159 2203 nts
170 2142 339 2225 justificare
361 2154 393 2207 et
413 2143 535 2208 salvare
557 2145 728 2210 constituit.
749 2149 752 2163 '

166 2261 290 2327 (Essem
306 2259 392 2330 igitur
411 2260 581 2331 Calaiaiaai,
599 2262 647 2332 qui
666 2261 793 2316 absoluto
811 2261 864 2315 Dei
880 2261 1000 2331 decreto,

116 2328 263 2447 gemere,
281 2330 352 2397 sola,
370 2328 496 2409 simplici,
514 2331 591 2411 nuda
608 2337 637 2412 et
647 2331 773 2401 praecisa
785 2330 937 2412 voluntate,
956 2348 998 2384 or·

152 2412 165 2451 s
185 2412 277 2453 omnes
304 2398 401 2451 salutis
420 2404 448 2452 et
464 2399 649 2453 damnatroms
667 2417 764 2454 causas
783 2401 999 2478 antegredrentc,

144 2461 206 2521 'usse
224 2467 279 2522 aiis
296 2483 381 2520 causa
399 2467 459 2520 dari
478 2474 507 2520 et
526 2469 660 2591 assieplnari
681 2486 736 2522 non
754 2467 849 2538 possit,
869 2484 927 2521 sme
941 2468 1001 2522 ullo

161 2536 245 2591 meriti
259 2534 365 2589 curisti
382 2536 426 2616 vel
443 2534 508 2590 fidei
526 2536 554 2589 in
609 2537 706 2590 ristum
732 2543 860 2616 respectu
877 2551 937 2590 esse
950 2536 999 2589 ali·

117 2610 168 2665 {sos
181 2605 314 2659 duntaxat
331 2604 368 2657 ad
386 2610 472 2658 vitam
490 2612 630 2659 aeternam
647 2605 883 2674 praedestinatos,
909 2611 938 2657 et
956 2604 999 2657 his

116 2665 165 2723 alis
179 2678 375 2743 consequenter
392 2673 485 2728 media
508 2674 619 2741 salutis,
648 2674 788 2727 Christum
810 2673 1000 2741 redemtorem,

68 2748 83 2821 ᾗ
115 2736 207 2817 tabum
229 2742 419 2821 praedicatum
443 2741 578 2821 attidem
602 2742 754 2797 efficaciter
777 2742 999 2805 destinasses,

68 2824 79 2835 ··
115 2801 205 2879 niquis
218 2810 347 2865 omnibus
360 2810 562 2880 simplrcrterex
573 2828 633 2865 sese
643 2818 671 2865 et
679 2818 793 2881 propter
810 2826 870 2863 sese
887 2815 1000 2863 aeterno

114 2878 226 2946 suplicio
246 2879 430 2933 damnationis
448 2880 572 2949 praecise
589 2880 742 2934 destinatis.
775 2882 867 2944 Besa,
893 2883 999 2947 quaest

113 2940 257 3017 0‘respons
282 2947 337 3004 rol.
360 2953 381 3004 1.
405 2947 454 3003 fol.
473 2953 522 3002 687
543 2966 590 3018 seq
614 2990 619 3003 .
642 2948 764 3018 itemque
787 2964 857 3016 resp.
878 2945 1001 3000 secunda

112 3004 210 3071 duta
228 3015 335 3086 Oolloq.
352 3015 474 3086 Mompel
497 3057 502 3068 .
527 2966 613 3086 praei.
636 3035 663 3087 p.
684 3024 707 3071 ἵ.
727 3021 742 3071 8
762 3019 790 3068 et
831 3056 837 3067 .
859 3020 915 3068 160.
942 3021 1000 3070 194.

113 3070 184 3149 &aa
202 3085 346 3140 orthodox.
367 3085 439 3140 doct.
458 3034 523 3140 cias.
546 3093 568 3140 l.
594 3086 663 3140 thes.
685 3090 723 3140 13.
762 3033 908 3136 Arddsoait.
925 3084 999 3138 Neo·

107 3146 167 3209 'iad
179 3172 244 3226 pag.
258 3159 297 3210 la.
333 3154 440 3210 Picent.
460 3153 561 3222 disput.
583 3155 688 3209 advers.
704 3151 862 3207 Schafman.
878 3151 945 3206 thes
958 3158 1001 3209 47.

103 3218 159 3289 mg.
176 3230 216 3278 st.
252 3222 322 3277 Item
341 3222 370 3275 in
387 3240 511 3290 respons.
530 3241 546 3276 a
567 3225 638 3294 olog.
661 3224 736 3276 Bert.
754 3238 820 3292 pag.
839 3226 863 3275 8.
888 3228 917 3275 et
934 3220 1002 3275 alibi

101 3286 202 3345 rasim.
241 3290 307 3348 vid.
325 3290 466 3347 Admonit.
487 3292 521 3346 de
568 3310 610 3347 en.
630 3294 670 3345 D.
690 3290 822 3359 Sipwart.
841 3306 865 3346 c.
886 3294 910 3345 3.
935 3289 956 3348 l.
977 3295 1002 3346 3.

811 3383 838 3418 ’Β
