2250 3772
103 239 172 307 650
302 237 458 323 Syllsbus
479 261 586 303 rernm
604 251 638 304 et
659 240 847 306 verbor-mn

139 407 243 471 brevit,
270 423 353 478 quum
375 407 459 463 hodie
482 406 619 478 pontificii
637 405 763 462 fuciunt
784 415 847 464 476.
898 425 953 462 m
967 406 1009 462 vu

140 482 397 532 5555555515494
417 491 475 548 seq.
512 493 564 531 nec
586 493 609 530 s.
627 492 750 530 coenam
774 478 830 532 sub
846 495 908 532 um
923 486 1009 532 nu

141 545 237 616 specis
255 544 468 600 administravit.
487 552 545 602 583,

106 615 242 671 Ecclesia
261 615 364 682 latinu,
382 613 466 669 hodie
484 632 540 670 non
559 614 650 668 usur.
670 619 713 668 24.

106 685 242 738 Ecclesia
266 684 441 751 Lutbsrana,
462 700 527 738 vere
544 682 684 736 catholiea
708 690 740 736 ct
759 700 831 738 veru
848 684 1011 743 masat

143 757 203 808 349.
223 757 281 807 353.
315 750 415 806 hebuit
436 769 501 806 5555
523 751 697 807 confessores
716 753 810 806 etism
828 754 860 806 in
877 754 965 806 medis

142 825 219 890 putu.
246 825 304 875 354.
346 821 521 875 successione
547 820 690 885 docuisse
714 822 895 890 apostoliens

142 894 201 943 355.
239 886 378 942 miraculis
396 904 468 959 opus
485 907 541 944 non
558 887 651 942 bnbet
669 895 732 944 356.

107 972 242 1028 Ecclesia
268 989 403 1035 romana,
430 974 600 1029 ceremonias
622 980 651 1028 et
677 973 821 1044 dogmata
847 974 1012 1028 diversi&

141 1039 234 1095 habet.
254 1045 313 1097 333.
351 1040 448 1096 schole
466 1059 588 1098 errorum
609 1049 638 1096 et
652 1042 796 1111 templum
814 1042 962 1098 haeresen·
976 1048 1012 1097 et

143 1113 201 1164 339.
238 1109 311 1164 mule
327 1109 467 1166 catholice
485 1117 527 1166 est
552 1117 611 1166 349.
648 1128 705 1166 555
723 1112 841 1182 gaudet
858 1111 1013 1167 susm

141 1177 286 1233 doctrines
300 1179 479 1250 apostolicus.
500 1186 559 1236 355.

106 1262 241 1317 Ecclesia
269 1264 299 1317 V.
325 1270 351 1317 st
370 1265 406 1319 N.
429 1265 460 1320 Τ.
483 1282 540 1319 555
562 1269 605 1319 est
628 1263 728 1318 eadem
752 1265 840 1322 ratio.
864 1273 909 1322 37.
958 1263 1013 1320 Vm

144 1333 356 1388 Testamentum.

108 1401 207 1455 Edere
224 1401 255 1454 in
272 1420 295 1454 5.
311 1417 407 1469 cossa,
424 1418 479 1456 non
497 1408 540 1456 est
559 1408 668 1456 tantum
686 1401 816 1457 credere.
836 1410 890 1459 567
910 1422 949 1476 sq.

109 1469 230 1533 Eisone,
248 1469 372 1540 grutuita
389 1476 438 1526 est.
458 1476 517 1527 397.
553 1487 609 1524 555
628 1471 751 1523 sumitur
771 1472 803 1524 in
824 1474 964 1544 scripture
977 1487 1012 1542 pm

142 1538 218 1591 nuda
236 1537 391 1593 intentione
408 1539 494 1594 dandi
513 1539 637 1610 gloriam.
656 1544 715 1594 396.
743 1556 800 1608 per
817 1558 849 1596 se
867 1559 926 1596 non
942 1540 1013 1614 giguit

141 1606 324 1661 securitatem.
345 1612 406 1664 398.
454 1607 593 1663 definitur.
613 1608 682 1660 ibid.
718 1624 776 1661 vox
799 1612 925 1665 sumitur
948 1610 1012 1664 rure

140 1675 210 1729 ibid.
257 1676 402 1746 objectum,
433 1683 498 1731 sunt
524 1676 648 1731 homines
665 1687 888 1745 perseveranter
907 1681 937 1734 in
954 1676 1012 1734 Chri

140 1748 216 1869 2⁸1th
243 1745 400 1813 credentes,
430 1763 486 1801 non
515 1745 616 1817 angeli.
644 1751 704 1801 400.
747 1744 816 1801 finis
845 1747 1011 1819 particularis

162 1820 172 1868 l
212 1829 268 1885 seq.

107 1898 258 1964 Electi‚-in
277 1898 395 1954 ecclesis
415 1899 539 1953 visibiles
558 1903 586 1953 et
607 1897 763 1954 invisibiles
782 1909 860 1956 sunt
883 1911 941 1959 334.
973 1918 1011 1956 nou

141 1973 258 2039 possunt
275 1967 370 2021 seduci
388 1966 515 2022 finaliter.
536 1973 594 2023 339.
612 1975 662 2022 411
684 1985 725 2038 sq.

108 2039 361 2103 Eleemosynarum
380 2037 505 2101 collatio,
523 2038 611 2090 virtus
623 2036 675 2089 111.
694 2040 846 2109 praecepti
867 2048 919 2095 est.
935 2047 973 2096 91.
989 2043 1011 2091 51

144 2110 174 2160 et
190 2106 256 2161 Vll.
283 2111 328 2160 127
349 2122 406 2175 seq.
436 2105 506 2159 nihil
522 2112 662 2160 merentur
681 2107 760 2175 apud
778 2107 888 2173 Deum,
906 2111 1010 2179 sedpoe

139 2175 285 2296 lrpitentiam
303 2190 397 2229 veram
416 2179 614 2229 contestantur.
635 2180 682 2230 178
700 2192 742 2246 sq.
776 2177 949 2233 dicebantur
963 2178 1010 2232 olim

160 2243 254 2298 ostiae.
274 2248 332 2298 528.

106 2312 230 2436 Elpbim
264 2311 431 2366 vccabulum
460 2311 592 2366 tribuitur
617 2328 730 2383 quoque
763 2315 879 2385 angelis
916 2322 944 2371 et
968 2313 1010 2368 115

154 2381 183 2435 ’s.
205 2386 264 2436 145.

106 2464 257 2526 Εηιούσιος
268 2466 441 2532 uocabulum,
453 2464 538 2520 habet
551 2465 690 2535 duplicem
703 2465 952 2537 significationem
967 2472 1008 2526 453.

106 2537 315 2608 Episcoporum
332 2533 455 2601 inscitia,
473 2551 529 2588 non
539 2535 656 2604 impedit
673 2533 833 2591 αὐθεντίαν
849 2540 880 2593 15
895 2540 1008 2595 fontibus

142 2611 183 2662 33.
218 2622 272 2659 vox
291 2605 365 2657 idem
384 2603 524 2675 significat
541 2620 574 2657 55
591 2603 745 2673 presbyter.
767 2612 833 2663 355.

105 2674 263 2733 Eremitica
280 2673 348 2739 vita,
366 2690 422 2726 555
440 2678 482 2727 est
500 2673 632 2726 mandatu
651 2689 669 2726 5
686 2672 755 2726 Deo.
777 2680 822 2730 95.

106 2749 241 2809 Errores,
259 2741 394 2797 resultent
411 2759 445 2796 cx
459 2740 601 2811 Scriptura
618 2758 640 2794 5.
659 2758 711 2812 per
727 2743 873 2799 accidens.
896 2753 937 2802 31.
961 2746 1009 2799 snut

140 2813 184 2868 vel
205 2810 314 2878 infide,
332 2811 376 2866 vel
395 2811 525 2866 moribus.
546 2815 604 2865 339.
628 2811 814 2864 conciliorum
834 2830 941 2871 errores
960 2813 1008 2867 vids

139 2887 189 2939 344
208 2897 237 2934 55
279 2924 284 2935 .
891 2915 898 2933 .

105 2897 324 3012 essenuaqbsi,
342 2948 507 3002 describitur
532 2953 590 3003 203.
620 2963 676 3001 555
695 2951 739 3001 cst
758 2958 896 3020 quartum
914 2969 1008 3024 sepers-

137 3027 197 3076 tum
217 3017 341 3071 utribus
380 3017 492 3072 ersonis.
531 3022 588 3073 208.

104 3088 240 3148 Esssntr'a
258 3105 327 3140 voca
377 3105 431 3155 um,
449 3084 565 3140 sumitur
580 3083 663 3140 etiam
680 3102 731 3156 pro
750 3086 946 3160 subsistentis,
963 3094 1008 3145 191.

138 3156 232 3211 differt
250 3172 267 3210 s
285 3172 411 3225 persons.
450 3161 508 3211 208.

103 3224 265 3285 Essentials
293 3226 526 3289 cermnoniarum,
560 3221 734 3277 immutabile
772 3229 804 3278 et
838 3227 944 3282 morule
969 3229 1007 3282 esi
