2250 3772
330 225 507 291 Decimum
528 233 743 312 praeceptum.
934 223 996 290 145

175 391 252 474 Quia
273 395 303 459 2.
334 394 500 459 diversitas
529 395 730 478 objectorum
750 394 877 459 diversa
898 394 994 460 etiam

113 491 249 566 praesepta
269 480 442 563 coustituit.

173 562 252 646 Quia
281 566 311 630 3.
338 564 476 648 denique
505 564 666 628 distinctio
690 564 725 627 in
759 563 909 650 originali
940 566 997 631 he·

112 642 182 714 haec
200 649 315 736 posita,
336 649 397 714 hoo
416 649 523 735 ipsum
545 649 629 713 clare
649 647 762 715 innuit.
814 660 818 666 ’

112 828 117 841 ,
159 765 242 832 (Ratio
264 773 286 822 1.
304 783 322 820 a
338 765 495 821 testimonio
511 765 613 820 divino.
648 765 720 830 Quia
739 767 812 820 enim
826 765 903 821 Deus
920 767 990 823 haec

110 847 154 900 ipsa
166 842 311 906 praecepta
329 836 369 890 ita
386 835 540 889 distinctim
557 835 586 888 in
605 834 716 888 tabulas
736 852 800 888 suas
820 834 928 899 retulit,
954 837 995 891 di·

110 899 185 958 stincta
202 905 286 960 etiam
305 920 366 958 esse
384 909 459 971 certo
480 903 663 975 agnoscimus.
699 903 855 974 Praecepta
873 921 994 976 namque

86 1027 89 1037 ⁸
109 967 181 1026 dacalo
201 974 207 987 ⁶
224 991 282 1026 non
294 973 324 1025 in
334 972 477 1026 hominum
488 971 700 1026 ratiocinatione
728 973 778 1027 sed
793 989 826 1026 ex
835 973 888 1027 Dei
900 979 994 1028 mente

109 1044 155 1092 sut
189 1041 374 1113 rstinguenda.
414 1041 475 1098 Nec
499 1040 672 1110 ταυτολόγως
695 1012 742 1094 liic
766 1057 823 1094 una
842 1042 994 1113 eademque

108 1110 305 1180 oncupiscentia
321 1109 491 1180 prohibetur,
510 1110 558 1164 sed
576 1126 627 1190 per
645 1109 701 1163 alia
719 1115 749 1163 at
769 1127 804 1164 ue
816 1110 872 1163 alia
884 1111 994 1180 objecta

60 1186 62 1223 :
108 1176 242 1244 explicatur.
274 1185 299 1234 2.
317 1178 363 1231 Ab
377 1179 549 1248 obJectorum
562 1179 729 1233 diversitate.
781 1179 905 1248 bjectum
916 1196 994 1234 nam-

60 1252 62 1279 !
108 1257 148 1310 qus
160 1248 219 1302 noni
235 1252 279 1302 est
298 1248 404 1316 domus,
422 1247 586 1310 haereditas,
607 1247 747 1316 objectum
759 1247 858 1301 decimi
871 1251 914 1300 est
925 1266 995 1304 uxor

107 1313 237 1386 stianiba
275 1315 333 1372 Ubi
356 1317 429 1369 nibil
454 1318 544 1369 obstat
567 1315 626 1369 fore
651 1315 704 1369 hac
722 1316 829 1370 ratione
844 1321 997 1387 praecepta

106 1377 195 1454 uina,
213 1402 277 1438 cum
294 1383 405 1439 infinita
423 1384 480 1438 sint
493 1383 733 1453 concupiscentiae
745 1385 863 1465 objecta.
900 1387 993 1440 Ursis.

106 1451 159 1517 txpl
175 1453 278 1507 catecla
296 1472 323 1523 p.
342 1458 400 1510 825.
448 1451 560 1507 Placuit
586 1469 706 1534 namque
730 1452 896 1524 legislatori,
921 1455 996 1510 sicut

106 1521 324 1591 concupiscentiae
342 1521 476 1589 actualis,
494 1522 534 1575 ita
554 1527 582 1575 et
599 1520 739 1591 originalis
760 1522 871 1592 objecta
889 1523 917 1575 in
937 1540 994 1578 cer-

105 1583 243 1660 issclasses
259 1591 395 1661 redigere.
433 1590 674 1655 Quemadmodum
694 1589 781 1660 igitur
799 1591 995 1660 concupiscen-

105 1652 135 1705 i1³
155 1659 264 1727 actualis
293 1659 322 1712 in
349 1659 458 1712 duobus
485 1657 622 1713 distinctis
643 1659 800 1728 praeceptis
823 1660 994 1728 prohibetur,
1089 1706 1101 1717 ..

104 1733 180 1798 nempe
197 1727 291 1781 uxoris
309 1727 338 1781 in
356 1734 447 1796 sexto,
469 1733 498 1782 et
521 1727 618 1780 domus
639 1739 724 1797 atque
748 1727 915 1781 facultatum
932 1747 995 1799 pro·

105 1793 155 1867 uni
174 1796 202 1850 in
224 1795 358 1877 septim03
388 1796 428 1850 ita
457 1801 486 1849 ct
516 1795 741 1865 concupiscentia
769 1795 910 1867 originalis
931 1814 996 1866 pro-

104 1850 192 1918 hibetur
208 1864 335 1919 simlliter
354 1864 384 1918 in
403 1864 512 1918 duobus
524 1863 661 1918 distinctis
672 1881 773 1933 praece
793 1865 843 1933 tis3
862 1865 996 1921 videlicet

103 1920 246 1988 facultatum
272 1933 301 1986 in
326 1950 414 1998 nono,
443 1933 536 1986 uxoris
562 1933 591 1986 in
610 1933 725 1987 decimo.
762 1883 840 1998 diuae
859 1933 931 1987 enim
950 1934 995 1988 hic

104 1992 202 2056 abaci
219 2000 391 2082 disparitatis
407 2000 499 2055 ratio?
532 2006 555 2055 3.
574 2001 620 2056 Ab
633 2002 766 2055 ad'unota
780 2006 995 2072 praeceptorum

104 2055 179 2123 horum
204 2069 381 2125 distractione
405 2069 435 2124 in
459 2076 538 2124 textu
560 2020 689 2140 originali
707 2069 826 2124 hebraeo
864 2072 995 2140 reposita.

104 2125 159 2211 llam
171 2139 198 2193 in
216 2142 303 2193 Dect.
326 2143 350 2202 5,
371 2142 414 2192 21.
436 2138 551 2208 antiqua
573 2138 766 2193 Hebraeorum
787 2142 831 2192 tra
852 2139 900 2193 itio
926 2139 997 2193 facit

104 2203 286 2262 dlstinctionem
315 2213 343 2262 et
367 2206 545 2262 interstitium
572 2206 601 2261 in
623 2207 715 2261 medio
736 2224 817 2261 versu
839 2207 911 2263 inter
940 2209 995 2262 duo

103 2284 229 2346 praecepta
240 2275 464 2344 concupiscendi,
477 2276 604 2345 quamvis
617 2275 647 2329 in
660 2293 715 2329 uno
728 2293 809 2329 versu
824 2277 906 2331 ambo
919 2295 992 2331 com-

103 2349 296 2410 intendantur.
325 2351 402 2416 Quae
419 2351 569 2407 interstitia
580 2351 603 2404 si
616 2369 666 2421 per
684 2364 707 2410 u
722 2351 801 2422 fiunt,
820 2354 997 2422 appellantur

105 2424 213 2506 samu,
240 2437 264 2491 si
288 2453 354 2493 vero
369 2449 453 2507 pers
473 2436 558 2506 finnt,
577 2436 754 2507 appellantur
770 2437 930 2507 Petuchah,
949 2440 994 2493 vel

68 2566 71 2573 ,
104 2509 128 2558 tlt
140 2509 232 2569 ludaei
251 2515 350 2584 legunt
368 2513 507 2578 Psuchah,
529 2517 557 2568 et
575 2529 683 2581 semper
695 2513 829 2567 denotant
841 2513 994 2569 distinctio-

104 2585 153 2631 nem
170 2599 216 2636 seu
239 2582 430 2638 diversitatem
455 2583 484 2635 in
506 2581 645 2636 sententia
668 2599 701 2635 ac
724 2582 846 2651 periodo.
892 2584 949 2639 Ubi
969 2591 999 2639 et

105 2634 145 2699 l00
163 2651 336 2706 meowractte
366 2651 496 2718 observa,
523 2650 599 2720 quod
622 2657 682 2704 tum
701 2650 731 2704 in
748 2651 861 2714 Exodo,
889 2656 948 2704 tum
967 2653 998 2706 in

104 2703 299 2788 Ilestaronomio
317 2725 498 2790 praeceptum
518 2720 553 2773 de
574 2719 750 2788 sculptilibus
770 2723 810 2784 (et
823 2719 846 2772 si
859 2721 997 2789 prolixum

106 2784 142 2843 nt)
153 2789 238 2843 buren
253 2803 310 2842 non
322 2788 512 2859 distinguatur
523 2792 573 2841 aut
584 2792 735 2856 separetur,
753 2804 843 2858 neque
861 2805 912 2856 per
933 2788 997 2844 stu·

107 2849 166 2911 mah.
188 2873 279 2928 neque
296 2875 347 2926 per
364 2856 521 2938 lJetuchah2
547 2873 565 2909 a
583 2862 731 2979 praecepto
751 2857 786 2911 de
806 2855 869 2908 Diis
888 2856 995 2940 alienia

107 2926 457 3050 bttttttttttlttss’
477 2925 996 3064 tittttttttttttt{titt

109 3062 192 3132 ⁰0utra,
216 3072 320 3117 nonum
338 3069 380 3118 est
400 3036 562 3116 distinctum
581 3062 729 3116 odecimo.
778 3061 880 3116 Confer
897 3035 996 3132 napos

110 3125 157 3197 aas..
171 3128 186 3183 l.
205 3137 227 3187 2.
246 3133 299 3186 sub
316 3131 404 3186 Exod.
423 3149 449 3201 q.
471 3137 511 3186 71.
527 3131 578 3185 col.
600 3136 656 3186 148,
675 3130 707 3184 Β.
718 3129 748 3184 C.
771 3129 837 3183 item
855 3131 997 3186 nothwen·

110 3182 159 3258 llsst
172 3198 300 3256 Antwort.
317 3200 450 3322 Theololg.
475 3199 612 3255 Wittenb.
637 3199 745 3255 advers.
766 3197 880 3255 Anhalt.
898 3218 927 3270 p.
947 3207 996 3257 194

459 3267 630 3323 uteronor'nio
648 3267 779 3322 omissum
797 3283 858 3322 esse
876 3269 998 3324 intersti-

803 3358 831 3403 ω
1004 3318 1078 3548 t

60 3338 62 3351 Ι
112 3265 168 3331 ”tta
200 3269 305 3338 objicis
326 3275 349 3325 1.
369 3269 398 3322 in
