2250 3772
275 272 328 337 De
350 270 473 359 Spiritu
495 261 614 339 saneto.
834 266 903 339 319

80 436 104 501 4.
137 436 225 519 Quia
257 439 374 504 diserte
404 465 424 505 a
447 441 575 507 Christo
607 443 786 528 paracletus
820 445 902 508 alius

80 543 116 600 nr,
136 525 277 602 touls,
295 526 343 592 16.
386 526 477 613 Ergo
500 540 532 592 et
552 527 616 592 alia
637 551 657 591 a
677 528 775 593 Patre
798 539 830 593 et
844 527 901 593 Fi.

80 606 205 673 listinota
225 632 372 696 persona.
814 660 817 667 -

80 706 155 762 Ratio
175 714 199 764 1.
213 726 233 764 a
248 711 404 765 testimonio
422 711 514 765 divino
525 712 655 776 mediato,
673 713 788 783 symbol.
801 701 900 783 rspost.

80 775 246 846 definitione,
271 795 343 860 quae
365 780 411 834 cui
434 781 567 850 competit
588 781 678 835 eidem
703 790 731 836 et
757 781 901 837 definitum

80 847 130 902 stit.
170 846 304 902 Definitio
323 864 457 918 personae
475 849 655 920 ejusdemque
674 850 821 921 explicatio
840 868 900 922 sup.

80 930 94 968 r.
115 915 151 969 de
167 915 247 969 Trin.
269 917 410 997 proposita
430 923 486 985 est,
509 917 559 971 ubi
580 919 652 973 vide.
682 925 706 973 3.
723 919 751 972 A
766 920 857 974 forma
874 926 903 974 et

99 984 300 1066 patefactioms,
325 993 349 1041 1.
374 1003 391 1040 a
418 987 574 1068 testimonio
604 987 771 1068 immediato.
815 989 903 1041 Als'ue

80 1056 568 1194 suscitarentur
583 1058 716 1195 {lull
731 1056 902 1180 wlturni?

80 1191 210 1266 processio
232 1195 262 1245 et
277 1191 370 1247 missio
394 1198 423 1247 et
448 1192 546 1248 effusio
566 1193 684 1274 Spiritus
701 1193 797 1248 saneti.
836 1195 904 1248 Alia

80 1263 119 1313 est
135 1276 263 1329 persona,
280 1276 352 1332 quae
368 1261 502 1330 procedit,
520 1263 647 1331 mittitur,
663 1262 828 1330 effunditur,
847 1264 904 1317 alia

80 1328 236 1397 ¹procedit,
260 1346 332 1410 quae
355 1330 453 1397 mittit,
478 1329 597 1384 effundit
615 1337 667 1386 etc.
703 1332 795 1384 Errat
813 1331 858 1385 hio
878 1331 899 1388 1.

80 1402 140 1464 turs,
166 1397 215 1468 qui
233 1397 365 1467 Spiritum
383 1402 510 1452 sanctum
530 1417 585 1453 non
602 1416 662 1454 esse
680 1400 790 1455 tertiam
807 1416 902 1470 perso*

80 1463 226 1534 lliuitatis,
247 1466 296 1521 sed
313 1467 388 1521 unici
406 1468 480 1521 illius
496 1468 549 1522 Dei
562 1469 654 1522 Patris
673 1470 784 1537 donum,
804 1475 903 1591 potone

88 1533 218 1588 virtutem
234 1540 264 1589 et
282 1535 354 1600 vim,
372 1536 592 1607 blasphemabat.
627 1539 791 1591 Anti-Ilio.
822 1539 857 1607 ib.
877 1544 902 1595 2.

80 1618 123 1657 ase
139 1603 230 1659 levem
246 1604 386 1676 quandam
404 1622 507 1670 auram,
526 1622 598 1675 quae
615 1623 648 1660 ex
660 1607 745 1661 verbo
764 1605 904 1661 fabricato

80 1670 136 1724 undi
157 1671 340 1727 fabricatione
365 1675 513 1743 prodierit,
537 1692 589 1728 nec
612 1675 642 1728 in
660 1676 736 1730 nullo
754 1674 903 1745 propheta-

80 1745 122 1793 ant
139 1741 328 1811 apostolorum
344 1743 517 1813 requieverit.
553 1743 619 1796 Dial
641 1749 661 1797 1.
680 1746 718 1798 D.
734 1744 902 1798 Settrnrett.

96 1808 190 1864 haeres
215 1809 233 1863 1.
260 1817 299 1867 11.
317 1827 382 1882 pag.
404 1819 427 1865 7.
464 1810 517 1875 Qui
535 1812 572 1866 ob
594 1811 779 1882 blasphemias
804 1813 904 1866 merito

80 1874 128 1930 icio
145 1877 277 1933 Genevae
296 1897 368 1934 anno
390 1885 464 1937 1551.
483 1880 600 1934 affectus
619 1888 668 1935 est.
706 1882 832 1934 Sler'dan.
853 1880 903 1935 lib.

80 1950 174 2004 estat.
196 1946 275 2018 relig.
300 1966 329 2020 p.
349 1954 407 2004 811.
452 1950 563 2002 Errant
589 1948 626 2002 Il.
644 1949 826 2017 Plotiniam',
854 1949 903 2020 qui

80 2030 127 2068 um
144 2020 272 2070 sanctum
290 2033 435 2087 personam
453 2034 513 2072 esse
525 2018 648 2088 praecise
659 2024 771 2088 negant,
792 2018 902 2074 Gatcclt.

80 2101 100 2137 v.
117 2101 178 2154 cap.
198 2090 223 2141 6.
242 2085 278 2139 de
296 2085 368 2140 offic.
387 2085 487 2142 Christ.
505 2087 631 2155 prophet.
647 2104 675 2156 p.
689 2092 737 2142 215
754 2103 811 2157 seq.
842 2089 904 2141 Neo

80 2159 99 2218 t,
122 2153 197 2232 quod
222 2154 290 2208 talia
311 2156 347 2210 dc
365 2154 470 2224 Spiritu
489 2160 585 2208 sancto
604 2155 813 2225 praedicentur,
832 2172 904 2226 quae

88 2226 192 2277 ratione
209 2239 343 2292 personae
367 2223 453 2278 tribui
470 2223 589 2294 possint,
613 2230 709 2294 utpote
728 2225 803 2295 quod
822 2224 904 2278 detur

80 2306 113 2343 us
132 2296 253 2355 sanctus,
271 2292 368 2348 Actor.
382 2298 407 2360 5,
422 2296 467 2359 32,
485 2293 559 2363 quod
573 2293 608 2348 de
619 2293 679 2363 ipso
693 2292 782 2361 detur,
801 2297 824 2346 l.
837 2295 903 2348 Jot.

86 2360 157 2430 quod
174 2361 326 2415 secundum
343 2361 388 2415 vel
403 2360 508 2431 absque
526 2378 654 2415 mensura
672 2361 760 2427 detur,
777 2363 904 2420 Jolrann.

80 2428 95 2495 l;
114 2430 218 2497 Ephesi.
237 2433 262 2489 4.
284 2433 306 2498 7,
325 2429 400 2500 quod
419 2430 585 2497 effundatur,
600 2432 697 2485 Actor.
716 2435 744 2489 2,
763 2434 810 2498 33,
829 2432 904 2501 quod

80 2513 109 2550 eo
129 2496 300 2567 effundatur,
319 2501 415 2552 Actor.
435 2505 461 2566 2,
481 2501 528 2566 17,
547 2500 621 2568 quod
639 2499 700 2570 ipso
717 2506 859 2569 potemur,
877 2503 904 2557 1.

82 2568 122 2633 13,
143 2569 185 2632 13,
205 2567 279 2639 quod
296 2568 399 2637 duplex
418 2568 510 2630 detur,
529 2570 554 2620 2.
572 2570 614 2621 Re
635 2612 641 2624 .
661 2571 692 2628 2,
712 2576 742 2635 tl,
761 2570 835 2638 quod
855 2585 904 2622 au·

80 2650 102 2698 u,
119 2637 193 2704 Eplr.
213 2640 240 2704 3,
260 2639 302 2699 16,
330 2636 405 2706 quod
423 2636 583 2704 accipiatur,
608 2587 643 2690 de
661 2637 722 2705 ipso
742 2637 905 2706 accipiatur,

80 2702 161 2774 loque
172 2721 228 2758 non
243 2705 280 2757 sit
304 2705 371 2762 Jolr.
386 2708 408 2772 7,
420 2707 465 2772 39,
479 2705 553 2775 quod
565 2705 750 2776 extinguatur,
768 2709 792 2757 1.
810 2706 905 2762 Thess,

80 2773 101 2834 ³,
126 2790 199 2844 quae
227 2780 255 2828 et
279 2745 473 2843 liujuscemodi
496 2773 551 2826 alia
574 2790 708 2842 personae
735 2773 821 2828 tribui
848 2789 905 2829 non

80 2845 106 2894 rt.
142 2841 255 2897 Catach.
273 2845 377 2896 Rocoo.
396 2858 457 2912 cap.
476 2847 498 2896 6,
519 2843 554 2896 dc
573 2841 647 2897 offic.
666 2841 768 2895 Christi
784 2841 903 2911 prophe·

80 2929 90 2962 a
109 2916 167 2965 215.
203 2911 342 2965 Dicuntur
367 2911 438 2964 enim
464 2910 534 2963 haec
558 2911 593 2963 de
612 2909 718 2979 Spiritu
742 2915 837 2964 sancto
862 2927 904 2964 ra·

89 2994 233 3047 personae,
256 2998 312 3033 non
335 2980 445 3051 quidem
483 2979 588 3047 ropric,
605 2979 653 3032 sed
672 2994 723 3048 per
740 2979 904 3048 metalepsin

80 3054 218 3118 metonym.
237 3065 338 3102 causae
357 3065 406 3117 pro
424 3066 439 3102 e
463 3056 533 3115 ectu,
551 3048 657 3102 ratione
676 3047 817 3115 donorum,
838 3065 905 3118 qua·

80 3136 82 3161 1
104 3133 136 3171 ea
154 3117 272 3187 Spiritus
299 3125 410 3171 sanctus
437 3117 466 3170 in
492 3116 651 3170 hominibus
676 3121 818 3185 operatur,
846 3116 906 3172 sivo

80 3188 231 3250 communia,
250 3185 307 3240 sive
325 3185 513 3255 particularia,
537 3185 596 3239 sive
611 3184 782 3248 miraculosa,
810 3185 906 3254 qualia

80 3256 202 3323 r.2,17;
226 3256 302 3309 Jocl.
326 3258 353 3324 2,
375 3259 415 3308 It.
456 3257 517 3308 Noc
542 3256 645 3320 obstat,
659 3257 685 3306 2.
707 3256 772 3307 Luc.
792 3258 835 3322 11,
853 3258 906 3324 203

80 3319 102 3376 lt.
118 3326 161 3391 12,
180 3327 230 3389 28,
249 3323 324 3395 quod
343 3324 446 3378 dicitur
463 3324 568 3395 digitus
584 3323 641 3377 sive
659 3324 746 3377 virtus
766 3328 794 3378 et
811 3323 906 3378 effica·
