2250 3772
154 261 247 308 xxlv
323 243 486 308 Praefatio
508 242 648 307 facultat.
671 243 766 310 theol.
787 241 894 308 Giess.

63 431 71 465 ³
154 413 212 478 sed
242 435 338 477 suasu
369 411 580 496 plurimorum
610 411 783 476 editionem
813 411 997 496 maturavit,
1037 423 1072 476 et

142 508 325 582 ¹⁴antequam
347 496 499 596 exegesin
520 519 561 560 ex
582 494 750 581 Scriptura
767 519 867 574 sacra,
889 497 1071 562 orthodoxa

153 583 342 667 antiquitate
374 581 509 665 ahisque
540 581 714 647 invariatae
741 582 953 667 Augustanae
990 605 1069 648 con-

152 667 302 732 fessionis
326 667 552 752 theologorum
584 666 710 753 scriptis
739 667 873 751 petitam
909 667 995 731 foras
1031 668 1067 732 in

151 752 258 818 lucem
279 753 442 838 publicam
463 752 562 835 daret,
593 758 721 816 nostrae
739 775 810 816 eam
831 775 983 817 censurae
1005 776 1067 839 pro

151 837 182 903 le
283 837 536 902 academicamm
558 847 668 901 tenore
691 837 845 920 subjecit,
876 838 910 901 in
931 861 995 921 qua
1015 838 1067 901 ni-

151 922 183 987 h·
218 923 485 1009 deprehendimus
507 922 709 999 innovatum,
730 921 810 986 nihil
832 924 972 987 erroneis
995 922 1067 1008 opi-

150 1008 301 1072 nionibus
336 1007 575 1084 obnubilatum,
609 1007 689 1070 nihil
726 1006 909 1093 Scripturae
946 1030 1067 1086 sacrae,

150 1093 253 1157 tribus
282 1091 426 1178 probatis
454 1094 497 1156 et
513 1092 554 1155 ab
585 1092 719 1156 ecclesia
740 1093 876 1177 receptis
898 1093 1066 1179 symbolis,

151 1178 344 1278 apostolico,
372 1176 592 1242 Athanasiano
615 1190 646 1241 et
667 1177 808 1255 Nicen0‚
834 1178 914 1241 nihil
939 1178 1067 1242 confes-

152 1264 236 1327 sroni
266 1264 493 1348 Augusteum,
527 1261 788 1326 Schmalcaldicis
818 1262 973 1347 articulis,
1002 1263 1067 1327 for·

150 1349 257 1412 mulae
277 1346 477 1414 Concordiae
502 1347 773 1433 Wittebergensis
802 1358 834 1411 et
854 1347 990 1412 Lutheri
1012 1371 1066 1412 ca-

150 1433 305 1497 techismo
328 1432 531 1508 contrarium,
553 1432 610 1496 sed
633 1433 730 1519 plana
752 1443 783 1496 et
803 1432 973 1517 perspicua
995 1455 1065 1497 om-

131 1518 214 1595 nia,
236 1519 335 1582 verbo
359 1517 423 1604 Dei
445 1516 622 1582 conformia
651 1518 765 1582 omnia.
809 1516 903 1597 Quae
924 1540 997 1581 cum
1017 1519 1064 1583 ita

149 1603 230 1689 sint,
263 1602 377 1688 religio
411 1602 504 1666 nobis
532 1625 598 1665 non
620 1601 698 1679 fuit,
729 1602 945 1667 institutiones
966 1603 1064 1667 hasce

149 1688 358 1752 catechetioas
378 1687 441 1751 hoc
468 1686 650 1751 testimonio
670 1687 800 1772 publico
824 1709 861 1751 ao
882 1688 988 1773 elogio
1005 1694 1065 1752 'or-

148 1796 242 1850 nare,
277 1773 332 1859 pio
354 1771 465 1836 lectori
487 1772 528 1834 de
549 1772 691 1849 meliori,
724 1772 811 1855 quod
845 1773 950 1856 ajunt,
987 1785 1065 1837 nota
1095 1804 1102 1821 x

149 1858 382 1935 commendare,
404 1868 436 1921 et
456 1857 635 1920 Dominum
655 1857 767 1921 messis
789 1880 913 1943 rogare,
934 1869 970 1921 ut
991 1858 1066 1943 plu·

149 1967 200 2009 res
223 1943 298 2007 huic
317 1954 426 2006 nostro
449 1942 614 2027 operarios
633 1942 761 2027 similes,
782 1942 844 2006 hoc
859 1955 918 2020 est,
940 1943 1065 2021 fideles,

150 2029 320 2114 diligentes
342 2042 373 2092 et
387 2028 576 2105 laboriosos,
597 2028 632 2091 in
645 2050 785 2092 messem
799 2050 889 2091 suam
905 2028 1066 2105 extrudat,

148 2114 221 2198 qui,
253 2113 336 2177 sicut
362 2123 553 2197 acceperunt
583 2112 720 2189 donum,
752 2113 798 2176 ita
817 2112 851 2175 in
876 2113 1064 2176 alterutrum

147 2199 229 2263 illud
251 2197 480 2270 administrent,
501 2207 537 2260 ut
559 2197 637 2260 boni
651 2198 888 2283 dispensatores
903 2197 1065 2262 multifor-

147 2284 209 2348 mis
231 2283 353 2368 gratiae
369 2283 434 2346 Dei
449 2282 496 2345 sic
510 2283 691 2366 loquantur,
718 2283 764 2346 sic
781 2282 971 2359 ministrent,
991 2294 1065 2347 tan-

149 2391 246 2452 quam
266 2391 307 2432 ex
317 2367 442 2451 virtute,
464 2390 562 2451 quam
573 2367 772 2432 administrat
784 2367 886 2445 Deus,
904 2379 941 2431 ut
948 2368 984 2431 in
993 2390 1063 2432 om-

146 2455 244 2518 nibus
268 2453 495 2516 honorificetur
522 2453 631 2538 Deus,
660 2476 718 2540 per
744 2454 861 2519 Jesum
887 2452 1062 2530 Christum,

147 2539 200 2604 cui
224 2550 273 2602 est
293 2538 397 2624 gloria
425 2547 457 2601 et
483 2537 652 2623 imperium
678 2538 712 2601 in
743 2537 851 2602 secula
871 2538 1064 2615 seculorum,

145 2625 263 2689 Amen.
345 2675 347 2679 ,
704 2660 708 2665 -

233 2707 370 2774 Giessae
387 2709 577 2784 Hassorum,
599 2724 683 2772 anno
700 2708 794 2784 1613,
815 2706 887 2790 ipso
909 2705 961 2770 die
973 2704 1061 2770 Ocn-

146 2793 285 2869 cordiae‚
307 2815 371 2877 quo
386 2793 430 2858 D.
446 2792 608 2857 Lutherus
630 2803 703 2856 ante
718 2813 818 2856 annos
833 2793 883 2857 67.
921 2790 1063 2854 Islebiae

143 2878 181 3027 {ln
207 2877 311 2964 patria
337 2878 390 2965 pie
419 2900 457 2942 ac
486 2878 611 2964 placide
637 2878 705 2942 sine
726 2887 816 2940 motu
839 2890 871 2940 et
892 2887 979 2939 metu
1001 2875 1063 2939 ob-

168 2963 305 3027 ormivit.
