2250 3772
285 239 338 304 De
360 263 394 305 re
415 263 439 305 s.
462 262 580 305 coenae
601 239 739 304 coelesti.
907 240 970 304 557

64 409 117 476 35.
154 410 279 473 Foman
299 411 347 474 itti
365 423 444 475 reete
465 413 612 487 sent-iant,
638 413 692 495 qni
710 409 906 494 metonymia
929 409 972 472 si-

64 493 158 582 gnati
176 515 235 579 pro
261 493 370 580 signo,
398 518 511 580 ponem
533 497 653 579 oipnum
676 497 844 578 (fipnrum,
865 498 974 579 imapi·

65 603 146 657 nem,
167 580 352 656 memoriale,
373 592 599 643 monumentum
620 603 672 643 oen
694 581 817 665 typum)
834 582 973 663 eorporis

371 662 488 727 ctriut
509 663 669 727 statuant?

151 781 242 846 Male
269 792 301 846 et
321 781 354 845 hi
380 781 535 859 sentiunt,
565 781 641 866 quia
664 782 692 848 1.
714 781 909 866 metonymia
930 780 973 844 si-

65 866 159 969 gnati
188 889 246 953 pro
274 866 366 951 signo
399 878 447 930 est
466 866 662 951 metonymia
682 866 817 950 subjecti
837 888 895 951 pro
918 866 974 929 mi·

60 962 186 1037 Juneto.
228 952 276 1015 At
296 950 547 1036 eorpusChristi
567 962 698 1015 nonest
718 952 896 1034 subjectum
917 973 974 1037 pa

64 1036 127 1123 nis,
144 1046 298 1119 tanquam
308 1036 458 1121 adjuncti²
481 1036 556 1119 quia
577 1036 680 1100 eidem
694 1059 760 1100 non
781 1036 975 1122 adjungitur.

64 1122 187 1203 Epnec
207 1143 266 1207 pro
288 1121 410 1198 eodem,
430 1133 583 1208 tanquam
602 1121 752 1204 adjuncto
773 1121 876 1207 signo,
897 1121 975 1207 poni

64 1229 109 1295 po
153 1291 186 1358 2.
206 1290 378 1375 Repugnat
403 1302 534 1354 naturae
563 1312 603 1356 ss.
625 1312 759 1368 coenae,
788 1293 878 1375 nujus
900 1312 975 1374 pro-

64 1375 176 1463 prium
197 1386 323 1439 estnon
342 1374 477 1460 signare,
499 1373 679 1459 significare
693 1387 724 1439 et
737 1386 975 1461 repraesentare

64 1460 225 1536 absentia,
245 1481 360 1544 eorpus
382 1470 413 1524 et
434 1459 622 1545 sanguinem
644 1458 779 1539 Christi,
808 1461 865 1525 sed
886 1460 976 1525 exhi-

63 1544 145 1611 bere
166 1540 198 1609 e't
220 1544 451 1610 communicare
472 1545 659 1631 praesentia.

154 1631 185 1696 3.
206 1630 281 1694 Non
303 1640 351 1693 est
373 1629 542 1693 conformis
563 1652 587 1696 s.
611 1628 810 1714 Scripturae3
828 1627 976 1713 nuspiam

61 1715 156 1781 enim
178 1714 212 1778 iu
227 1712 399 1799 Scripturis
416 1714 519 1800 'saoms
542 1714 733 1778 vocabulum
756 1738 866 1799 conpos
887 1723 977 1776 notat

60 1801 200 1887 signum
218 1798 369 1885 eorporis.

153 1885 184 1949 4.
204 1883 279 1949 Non
302 1884 428 1969 signum
452 1883 611 1969 corporis,
640 1881 697 1946 sed
722 1881 828 1965 ipsum
850 1902 976 1964 corpuS,

59 1970 242 2055 caplioante
264 1969 403 2053 Christo,
437 1991 496 2053 pro
528 1967 622 2032 nobis
653 1967 687 2030 in
715 1977 849 2029 mortem
879 1965 976 2029 tradi-

56 2066 138 2119 tum
157 2063 215 2117 est.

155 2137 187 2204 5.
208 2138 285 2202 Pari
306 2137 428 2201 ratione
456 2147 488 2200 et
516 2135 646 2220 sanguis
669 2144 752 2200 esset
773 2133 977 2220 accipiendus

59 2245 130 2312 pro
160 2222 254 2334 signo
285 2221 461 2321 sanguinis,
493 2232 525 2285 et
554 2220 600 2284 sie
629 2220 780 2305 poculum
807 2241 873 2283 non
894 2229 978 2283 esset

60 2331 227 2374 nosocomo
249 2306 422 2392 sanguinis,
444 2305 501 2369 sed
523 2304 650 2390 signum
671 2304 846 2390 sanguinis,
868 2318 979 2370 contra

58 2414 171 2480 quam
191 2391 313 2456 Paulus
337 2390 451 2455 asserit
474 2392 501 2454 1.
525 2391 663 2454 Corinth.
689 2394 737 2475 10,
760 2390 809 2454 16.

156 2493 187 2556 6.
215 2491 270 2559 Sic
297 2493 433 2577 denique
461 2491 586 2590 indigni
609 2515 674 2557 non
701 2492 813 2556 fierent
840 2490 887 2553 rei
908 2512 979 2554 eor-

58 2579 161 2669 poris
183 2590 216 2642 et
237 2578 402 2664 sanguinis
426 2576 565 2654 Chiisn,
594 2578 651 2642 sed
680 2577 844 2662 signorum
864 2574 978 2638 dunta-

59 2673 197 2817 Tatopp·
215 2663 452 2826 slylmippiorum
485 2671 595 2726 eontra
623 2685 720 2746 quam
746 2660 832 2724 idem
865 2659 980 2723 asserit

140 2864 236 2931 (Ratio
265 2871 289 2922 1.
307 2881 325 2919 a
341 2863 519 2931 definitione;
548 2869 571 2918 2.
592 2861 628 2917 ab
653 2862 787 2932 adjuncta
811 2860 980 2985 proprietate

60 2948 189 3002 monam
208 2939 233 2989 3.
250 2937 279 2988 et
297 2939 321 2988 4.
340 2932 376 2987 ab
397 2933 530 3003 adjuncta
546 2931 767 2986 inconvenientia
780 2947 845 2985 eum
880 2933 982 2998 onptu·

60 3020 119 3063 rae
137 3018 246 3057 oenone
271 3008 300 3057 et
320 3001 465 3072 ipsiusmet
484 2999 587 3054 Christi
610 2999 804 3070 explicatiou03
829 3005 854 3053 5.
873 3015 891 3052 a
907 3013 982 3052 oom-

61 3076 162 3147 parat.
180 3070 294 3194 paribus
327 3078 356 3126 et
373 3071 439 3124 inde
458 3069 579 3124 deducto
597 3069 774 3190 consepuenti
791 3066 912 3121 absurdo
929 3066 981 3120 du·
1061 3086 1064 3091 ·

60 3140 147 3215 plici.
206 3111 521 3210 inexpiioanda¹forent
539 3136 666 3191 ethaeo:
704 3154 736 3190 oo
755 3137 915 3190 eatNounm
929 3138 982 3189 Te·

62 3215 237 3268 scamonium
261 3209 292 3262 in
315 3208 450 3276 sanquine
468 3223 528 3260 meo
545 3205 611 3272 (hoo
632 3211 688 3273 est,
716 3221 772 3259 non
790 3205 819 3259 in
837 3221 898 3259 meo
918 3221 980 3259 san·

62 3278 168 3354 guina,
186 3277 236 3332 sed
249 3276 280 3331 in
297 3277 377 3348 siguo
395 3281 449 3332 mei
462 3275 627 3346 sanguinis),
646 3277 715 3328 Lno.
727 3277 774 3344 22,
788 3277 834 3330 20.
864 3275 927 3328 Hoc
939 3280 982 3329 out
