2250 3772
45 248 50 261 ’
103 262 168 327 662
296 258 449 346 Syllabus
471 283 577 325 rerum
597 271 629 326 et
650 262 832 327 verborum.

105 425 249 479 Matthaei
267 428 447 493 evaaqcliam.
467 428 605 482 Hebraico
616 428 806 498 conscriptum
822 428 917 498 fuisse,
934 427 998 483 dubi·

140 500 224 548 tatur.
243 500 267 549 8.
302 496 425 565 rejicitur
441 497 477 551 ab
496 497 563 566 ipsis
582 496 739 566 pontificiis.
758 502 802 552 23.

106 565 329 627 Matrimonium,
347 580 403 619 non
419 570 462 619 est
478 574 685 619 sacramentum.
705 570 766 621 493.

106 632 282 686 Mediatoris
292 635 425 702 officium,
442 634 571 688 virtutem
586 633 723 687 infinitam
735 632 941 703 praesupponit.
953 637 1000 689 319.

141 699 356 756 adscribendum
373 709 416 757 est
433 702 543 757 divinae
565 710 593 757 et
616 702 754 756 humanae
772 707 891 757 naturae
907 701 1001 757 Christi.

144 773 201 824 289.
219 787 291 823 unus
309 776 416 824 tantum
435 770 570 826 mediator
587 778 635 824 cst.
656 776 715 826 293.
733 776 794 826 433.

106 837 324 902 Melchisedech,
343 845 419 894 certo
435 840 517 894 modo
536 839 639 893 Christi
686 857 740 910 pus
755 846 808 896 eet.
829 844 887 894 589.

105 903 258 974 Memoria,
276 924 331 960 non
350 914 393 962 est
410 915 518 962 tantum
535 924 625 963 rerum
644 925 662 962 a
681 909 812 963 sentium.
832 913 892 962 567.

106 972 299 1043 Mendacium,
324 984 471 1046 peccatum
497 984 592 1031 contra
617 976 655 1029 11.
683 982 870 1047 praeceptum
898 980 947 1030 est.
971 980 1005 1030 15.

141 1049 175 1096 ut
199 1047 228 1097 et
254 1052 350 1099 eontra
374 1045 454 1100 Vlll.
481 1051 537 1102 134.
580 1045 681 1114 duplex
708 1052 760 1100 est.
790 1051 848 1101 143.
901 1045 1004 1111 licitum

140 1112 310 1232 quandoque
334 1130 494 1169 concessum
517 1120 567 1172 est.
598 1115 667 1168 ibid.
707 1114 779 1168 nlius
805 1131 825 1169 a
848 1113 911 1168 Deo
938 1112 1006 1184 puni·

154 1198 194 1233 ur.
217 1186 272 1236 131.

107 1249 254 1303 Meudieis
270 1252 460 1318 eleemosynae
477 1250 621 1305 debentur.
644 1256 699 1305 121.

107 1319 275 1371 Mensarum
293 1337 360 1372 urus
379 1321 441 1372 loco
460 1320 604 1388 altarium,
621 1317 693 1373 liber
710 1318 803 1372 estin
815 1319 942 1375 ecclesia.
960 1322 1008 1373 533.

107 1386 254 1508 Μὲἑξεάίε
279 1389 454 1452 vocabulum,
477 1388 595 1442 sumitur
614 1386 768 1458 dupliciter.
797 1394 856 1444 187.
901 1387 1010 1459 explica·

109 1522 254 1593 Meritum,
274 1524 447 1579 describitur.
468 1530 525 1581 187.

107 1591 244 1645 Meritum
259 1591 372 1661 Christi,
390 1600 503 1663 superat
518 1592 611 1647 omnia
626 1597 751 1663 peccata
771 1597 833 1649 173.
863 1593 1013 1667 assignatur

142 1660 272 1728 passioni,
295 1662 376 1715 morti
395 1670 454 1725 etc,
478 1680 533 1717 non
550 1661 623 1715 vitae
645 1661 745 1743 ipsius,
768 1663 928 1716 secundum
946 1661 1011 1734 quid

143 1733 202 1783 292.
242 1736 284 1783 est
299 1730 508 1784 fundamentum
527 1730 729 1784 intercessionis
747 1728 861 1784 Christi.
881 1737 941 1788 293.
973 1746 1011 1784 ne

143 1798 292 1852 cessarium
312 1804 354 1854 est
379 1800 414 1852 ad
435 1799 668 1868 justificationem.
693 1803 753 1854 375.
792 1806 839 1852 est
855 1805 918 1854 tota
935 1801 1010 1870 ipsius

144 1867 311 1921 obedientia.
328 1869 396 1921 ibid.
422 1869 458 1920 ad
474 1868 634 1922 electionem
651 1868 772 1937 pertinet
792 1873 822 1920 et
836 1869 926 1938 ipsius
938 1884 1013 1923 causa

144 1942 193 1989 est.
221 1942 279 1991 4111.
333 1937 489 1991 universale
515 1941 563 1992 est.
591 1941 648 1990 405.
707 1935 837 1989 omnibus
889 1953 920 1991 er
943 1953 1010 2007 prae

144 2003 310 2059 dicationem
329 2005 464 2075 evangelii
482 2004 574 2059 offerri
591 2004 681 2058 debet.
700 2010 751 2059 4118
765 2021 827 2077 seq.
881 2007 917 2061 de
935 2005 1012 2076 appli-

144 2075 270 2196 cplndum.
291 2081 341 2128 412
359 2091 415 2144 seq.
458 2091 514 2127 non
532 2073 653 2128 excludit
671 2072 844 2142 baptismum
862 2074 893 2128 in
910 2074 1011 2146 negotio

143 2159 156 2194 s
186 2143 248 2195 utis.
270 2148 327 2198 509.

109 2211 248 2264 Meritum
277 2211 394 2278 conquat
423 2218 450 2263 et
480 2210 627 2278 condigni,
663 2209 832 2263 describitur
861 2216 892 2265 et
921 2211 1011 2266 refuta·

142 2286 194 2333 tur.
217 2285 271 2334 182.

111 2349 245 2415 Messias,
262 2365 315 2401 vox
333 2348 407 2400 idem
424 2345 564 2417 significat
581 2362 615 2399 ac
632 2343 766 2400 Christus.
785 2351 848 2402 244.

109 2417 244 2470 Mariam
264 2418 390 2484 ccclesia,
409 2414 582 2470 describitur.
602 2420 660 2470 334.
699 2413 801 2468 Confer
822 2420 883 2471 339.

111 2486 305 2538 Ministeriom
326 2486 550 2550 ecclesiasticam,
570 2489 611 2537 est
629 2482 713 2537 totius
731 2483 877 2538 ecelesiae.
900 2490 960 2540 358.
988 2483 1012 2536 li·

145 2555 230 2608 citum
249 2562 290 2608 est
329 2560 403 2608 etore
420 2553 498 2606 illud.
520 2558 578 2607 361.

111 2623 245 2677 Misictri
261 2573 407 2687 ecciiraiam
431 2626 565 2692 potestate
587 2619 705 2699 clavium
728 2635 762 2672 ex
780 2636 875 2700 aequo
890 2621 1013 2702 gaudent

148 2698 189 2747 38.
228 2692 326 2745 Patres
345 2691 474 2744 dicuntur
491 2698 523 2744 96
542 2707 599 2759 seq.
630 2692 805 2759 magistratui
823 2690 940 2759 politico
959 2688 1013 2743 sub·

147 2765 219 2816 sunt.
241 2767 296 2815 11111.
339 2765 455 2881 possunt
472 2756 674 2811 matrimonium
692 2756 866 2813 contrahere.
889 2766 943 2814 119.
979 2756 1012 2810 di-

148 2835 248 2883 cuntur
266 2829 364 2898 augei.
384 2834 440 2882 224.
481 2826 681 2881 describuntur.
709 2830 766 2878 351.
804 2828 963 2881 mercedem
979 2842 1014 2880 or·

149 2898 284 2951 dinarium
302 2905 395 2968 petere
416 2902 444 2951 et
462 2912 569 2949 sumere
590 2898 711 2966 possunt.
735 2894 794 2947 361.
837 2897 895 2948 ritu
913 2901 1014 2966 aposto

147 2967 201 3021 lico
230 2973 295 3019 sunt
312 2965 504 3036 inaugurandi.
526 2969 584 3019 361.
615 2960 797 3036 apontificiis
817 2962 849 3016 in
868 2964 933 3019 VII.
952 2960 1015 3016 ordi·

147 3052 197 3089 nes
221 3036 435 3106 distinguuntur.
466 3039 523 3088 362.
571 3031 662 3086 officio
686 3030 864 3100 quadruplici
893 3032 1015 3104 gaudent

149 3108 198 3158 3113
226 3122 301 3174 seqq.
345 3120 438 3158 eorum
461 3103 519 3155 vita
537 3118 588 3155 nce
611 3099 845 3153 administrationi
869 3116 1016 3155 sacramen·

34 3180 39 3187 '
147 3178 236 3225 torum
264 3172 411 3242 quicquam
441 3172 547 3224 confert
571 3186 622 3224 nec
647 3169 771 3237 derogat.
796 3173 858 3224 363.
885 3173 1014 3226 4885111.

148 3242 291 3294 remittunt
314 3247 430 3310 peccata
452 3236 704 3293 instrumentaliter.
723 3242 782 3292 365.
830 3237 936 3294 Confer
957 3237 1014 3292 Cla·

147 3310 219 3361 uz'am
237 3317 369 3376 potestas.
