2250 3772
90 301 93 306 ·
123 266 183 331 116
359 263 465 350 Caput
485 265 511 329 I.
555 265 608 329 De
629 264 794 351 decalogo,

185 436 236 502 45.
272 435 351 498 Utro
373 457 410 498 ea
431 434 478 498 bia
501 446 545 499 eat
566 437 673 499 melior
694 446 722 498 et
745 429 977 519 praeliqeoda?

207 554 354 635 Utraque
379 551 413 614 in
428 546 466 614 'et
486 573 544 636 per
572 574 606 615 se
632 551 736 627 bona,
764 559 873 614 sancta
902 559 935 614 et
956 570 1021 636 pul

122 648 180 714 est,
203 637 229 701 si
254 658 329 700 vero
351 635 508 700 exteriora
521 635 689 700 commoda
702 645 836 720 spectes,
858 634 1021 699 meliusti

122 722 220 799 ciunt,
241 720 297 804 qui
318 719 532 807 virginitatem
552 731 688 797 servant,
710 743 807 803 quam
821 719 878 803 qui
891 720 1021 784 nubun·¹

71 813 75 823 '
124 808 151 872 1.
175 807 247 870 Gor.
272 807 301 882 l,
323 807 374 871 38.
417 806 464 869 At
484 829 557 870 cum
578 805 744 892 virginitas
768 805 809 869 sit
827 805 952 869 donum
973 805 1021 870 Ι)1

121 891 216 976 plane
238 891 409 976 peculiare,
431 891 518 973 quod
539 914 605 955 non
626 913 736 955 omnes
758 911 871 974 capere
890 912 1021 975 possum

121 976 236 1040 Mattlr.
261 976 469 1059 19,11.12,
504 975 617 1040 melius
647 986 731 1040 certe
757 975 924 1060 longeest
955 975 1021 1039 illu

122 1083 189 1124 non
210 1060 363 1125 habentes
384 1060 519 1138 nubere,
542 1084 639 1145 quam
657 1059 722 1137 uri,
746 1062 773 1125 1.
800 1061 869 1126 Cor.
893 1071 922 1136 7,
945 1061 976 1125 9.

192 1178 210 1247 (
212 1179 323 1231 Errant
341 1178 428 1249 igitur
445 1179 576 1232 monachi
594 1186 620 1231 et
638 1177 785 1244 moniales,
804 1175 852 1248 qui
870 1183 1021 1246 perpetua.

123 1263 178 1301 non
195 1247 284 1300 solum
302 1247 499 1318 virginitatem,
518 1264 602 1318 quam
614 1263 725 1300 servare
736 1249 830 1299 tamen
843 1261 900 1299 non
909 1261 1021 1315 possm:

121 1314 268 1370 temerarie
281 1322 391 1379 vovent,
411 1316 461 1370 sed
478 1320 507 1370 et
519 1333 570 1386 per
582 1315 697 1370 eandem
709 1319 767 1368 tam
781 1329 832 1367 sua
845 1330 930 1383 quam
945 1315 1021 1371 aliet

121 1390 239 1454 peccata
257 1383 369 1454 expiare
388 1390 417 1438 et
434 1385 541 1439 coelum
564 1383 664 1439 mereri
690 1399 758 1452 prae
780 1381 938 1452 conjugatis
958 1400 1021 1455 pra.

123 1459 243 1506 sumunt.
273 1452 412 1508 Bellarm.
429 1453 446 1506 l.
462 1459 485 1508 2.
505 1454 540 1508 de
558 1452 684 1506 monach.
704 1468 727 1505 c.
743 1457 766 1506 6.
787 1450 837 1506 col.
851 1456 912 1506 361.
924 1451 962 1504 D.
977 1469 1021 1508 se·

123 1527 152 1575 et
169 1538 191 1575 o.
203 1527 243 1576 22.
261 1526 281 1574 t.
298 1527 321 1576 2.
339 1521 390 1575 col.
404 1528 453 1576 415
467 1538 496 1577 se
518 1563 523 1574 .
553 1521 660 1577 Oooetl.
676 1521 805 1575 Trident.
821 1536 887 1574 sess.
902 1525 942 1575 24.
957 1537 983 1576 c.
996 1527 1021 1577 1·

123 1591 184 1643 Nec
203 1591 294 1643 obstat
315 1595 339 1645 1.
360 1590 435 1660 quod
444 1539 550 1645 Paulus
569 1590 615 1654 ait,
634 1590 737 1644 bonum
754 1605 814 1643 esse
826 1587 972 1642 mulierem
982 1603 1021 1644 nc

122 1665 247 1729 tangere,
268 1663 291 1711 1.
307 1658 430 1711 Corinth.
451 1663 473 1726 7,
489 1664 513 1712 1.
536 1661 618 1712 Idem
630 1658 657 1712 d.
670 1658 687 1711 l.
708 1675 731 1711 c.
745 1664 769 1713 9.
787 1662 808 1712 t.
821 1663 845 1711 2.
864 1657 916 1712 eol.
930 1656 1021 1714 373]

125 1726 263 1797 Loquitur
280 1726 354 1780 enim
375 1725 415 1781 ibi
438 1728 472 1782 de
494 1729 569 1783 bono
586 1726 649 1782 utili
665 1732 779 1797 propter
796 1730 975 1806 praesentem
988 1745 1021 1795 nr

124 1795 290 1850 cessitatem.
326 1797 422 1866 Atque
446 1797 485 1850 ita
508 1796 613 1851 bonum
632 1814 689 1850 non
706 1800 823 1865 oppomt
839 1794 907 1849 vitio
926 1802 956 1850 et
973 1813 1021 1868 pet

124 1871 195 1933 cato,
214 1865 262 1919 sed
281 1865 409 1918 exteriori
426 1866 523 1920 saltem
535 1865 716 1919 incommodo.
745 1865 806 1917 Nee
818 1864 909 1917 obstat
921 1869 946 1918 2.
982 1883 1021 1921 uo

122 1951 148 1986 v.
167 1939 209 1989 38.
231 1933 330 1987 melius
350 1933 442 1988 facere
460 1934 512 2003 ait,
532 1933 586 2056 gui
601 1932 737 2004 virginem
755 1948 811 1986 non
829 1932 923 1986 elocet
992 1935 1021 1988 et

123 2001 191 2056 ibid.
210 2021 233 2057 c.
253 2005 276 2058 9.
295 2009 316 2059 t.
338 2008 362 2057 2.
385 2003 436 2057 col
456 2009 514 2058 ³76.
559 2044 565 2056 .
603 2001 719 2056 Confert
736 2002 809 2055 enim
826 2000 901 2056 vitae
919 2003 1021 2058 coelibi

124 2076 153 2125 et
179 2071 335 2142 conjugalis
362 2077 475 2125 externa
501 2070 657 2138 commoda,
685 2076 712 2123 et
739 2070 837 2124 melius
864 2086 925 2124 esse
952 2071 1021 2127 dicit

126 2147 149 2194 1.
165 2145 281 2210 propter
297 2139 498 2204 necessitatem,
517 2139 610 2206 idest,
628 2138 801 2193 imminentes
840 2140 1021 2198 erseeutiona

122 2224 149 2261 v.
169 2213 211 2264 26.
247 2213 270 2261 2.
292 2206 364 2270 Quia
380 2208 416 2260 ad
455 2208 547 2263 ietatis
564 2207 695 2263 exercitia
719 2212 748 2262 et
765 2224 797 2261 co
830 2206 945 2262 essionis
965 2229 1021 2282 per

123 2274 187 2329 cula
206 2274 353 2330 subeunda
371 2277 440 2330 eoeh
462 2295 491 2331 es
510 2276 701 2359 expeditiores,
719 2295 745 2330 v.
763 2281 804 2330 32.
827 2280 869 2344 34,
888 2293 954 2330 cum
974 2280 1021 2350 pln

123 2343 334 2397 tribulationum
352 2343 475 2400 babeant
489 2362 629 2417 conjuges,
648 2362 675 2400 v.
690 2349 731 2411 38,
750 2350 778 2399 et
796 2344 858 2415 plus
879 2343 1021 2404 distracti<

124 2411 177 2476 nis,
198 2418 239 2466 33.
255 2417 295 2467 34.
325 2411 440 2467 Interim
454 2421 483 2469 et
498 2415 632 2485 conjuges
669 2412 689 2466 ii
706 2418 823 2484 possunt
840 2411 926 2467 etiam
937 2433 1021 2473 curan

125 2497 172 2549 ea,
191 2497 262 2551 quae
278 2487 345 2535 sunt
361 2482 479 2552 domini,
499 2483 624 2553 exemplo
669 2482 782 2550 brahae,
804 2481 912 2551 Jacobi,
931 2484 1021 2543 Zachr

124 2549 197 2613 riae,
224 2548 363 2629 baptistae
380 2551 480 2621 patris,
503 2558 555 2607 etc.
590 2551 642 2604 Est
660 2550 745 2621 igitur
761 2550 791 2604 in
807 2555 926 2621 utroque
943 2553 1021 2611 falla

126 2617 246 2688 opposit.
265 2625 387 2689 itemque
405 2622 557 2675 seeundum
574 2620 661 2690 quid.)

355 2757 406 2821 46.
440 2756 523 2835 Quid
544 2772 587 2822 est
609 2757 804 2843 conjugatum?

210 2869 407 2959 Conjugium
421 2884 469 2938 est
488 2875 583 2938 unius
604 2875 699 2938 maris
721 2874 860 2939 etunius
875 2873 1021 2941 foemina

123 2957 154 3021 le
179 2955 266 3020 'time
287 2958 552 3023 consentientium
578 2958 612 3022 in
634 2982 730 3022 unam
749 2981 876 3023 carnem
896 2957 1021 3026 indisso

84 3090 87 3097 .
120 3042 158 3106 lu
179 3040 231 3105 ilis
254 3065 273 3105 a
291 3042 365 3107 Deo
387 3043 531 3108 instituta
552 3044 743 3128 conjunctio,
764 3044 798 3107 in
817 3054 964 3107 mutuum
982 3047 1021 3111 ad

117 3125 275 3209 jutorium
295 3138 327 3194 et
349 3127 469 3193 sobolis
491 3129 753 3213 procreationem.

195 3243 359 3312 (Definitum
372 3251 414 3301 est
425 3247 596 3317 eonjugium,
614 3247 689 3319 quod
703 3247 743 3301 ita
756 3246 865 3316 dicitur,
880 3265 933 3318 per
947 3256 1021 3306 nota

124 3327 144 3368 a
163 3321 312 3385 comparat.
333 3331 351 3370 a
371 3316 442 3385 jugo
462 3316 615 3384 communi,
640 3332 694 3387 quo
711 3315 797 3370 viret
813 3332 882 3370 uxor
901 3317 932 3371 in
949 3336 1021 3374 unar
