2250 3772
106 114 147 179 66
344 111 451 198 Caput
471 113 497 181 I.
541 114 593 178 De
615 114 779 200 decalogo.

108 282 208 353 calogo
237 281 427 335 distinctiones
452 286 481 336 et
506 282 674 352 sententiae,
705 287 734 337 et
758 284 803 337 sie'
821 283 904 353 plura
930 282 1025 339 forent

127 368 192 405 uam
209 351 319 413 decem,
343 350 417 420 quod
440 355 483 404 est
501 350 661 405 absurdum.
704 353 764 406 Nee
786 353 880 406 obstat
900 356 926 407 3.
945 350 1023 423 qnod

106 368 247 474 {lutherus
258 419 288 472 in
300 418 419 489 gratiam
429 418 587 488 pontificiae
596 420 768 475 idololatriae
778 420 831 475 hoe
839 426 1023 491 praeseptum

108 491 142 545 de
159 488 328 559 imaginibus
346 488 468 542 studiose
487 489 611 543 omisisse
629 490 765 545 videatur.
789 491 903 544 Mosam.
916 507 947 560 p.
962 494 1022 546 ud.

109 560 196 627 Resp.
214 562 258 611 est
268 556 337 610 haee
355 573 431 611 mera
447 558 594 614 calumnia.
633 565 655 614 1.
671 558 744 622 Quia
760 558 900 613 Lutherus
915 558 1023 614 cultum

107 627 262 749 iiiiii?
270 625 1025 764 11211111112111211121111212

107 763 289 834 excogitavit,
317 780 413 817 verum
436 764 501 817 inde
528 764 565 818 ab
589 764 777 845 apostolorum
795 764 974 834 temponhns
990 764 1022 819 in

106 833 225 888 eeclesia
243 831 346 886 Christi
363 831 496 886 usitatam
514 833 633 888 retinuit
667 832 794 888 Eandem
817 850 940 904 namque
958 832 1024 888 cte·

105 919 184 955 naeus
194 902 415 969 Alenuudriuus,
433 900 561 972 Origenis
573 907 745 972 praeceptor,
766 903 814 974 qui
825 901 900 956 eirea
913 918 1019 956 annum

107 970 210 1026 Christi
232 975 287 1026 193,
305 970 387 1039 vixit,
408 970 495 1024 tradit
513 971 530 1023 l.
551 976 574 1027 6.
595 970 693 1026 Strom.
716 989 743 1040 p.
764 977 815 1026 218
837 987 914 1043 seqq.
964 970 1020 1025 Ea·

107 1041 171 1095 dem
183 1038 312 1108 Origenis
329 1044 462 1108 tempore,
481 1039 530 1109 qui
544 1039 613 1093 vixit
630 1039 705 1094 eirea
721 1057 825 1094 annum
839 1045 899 1104 205,
918 1056 936 1094 a
953 1056 1023 1093 non·

106 1109 190 1164 nullis
214 1108 269 1161 fuit
285 1107 444 1174 observata,
466 1112 538 1161 teste
563 1109 677 1176 Oriqeu.
701 1108 774 1162 bom.
800 1114 824 1163 8.
844 1125 903 1178 sup.
930 1107 1019 1164 Exod.

105 1197 130 1233 u
151 1184 192 1232 211.
219 1183 282 1230 tt.
331 1218 336 1230 .
357 1182 391 1231 84
409 1193 466 1246 seq.
514 1176 596 1231 Hane
622 1178 711 1247 ipsam
737 1176 876 1247 approbat
900 1177 1022 1247 Aequos

106 1253 187 1302 tract.
208 1251 232 1300 3.
256 1245 285 1298 in
301 1194 367 1300 ioh.
387 1250 407 1301 t.
427 1250 450 1300 9.
475 1245 527 1299 col.
547 1251 587 1301 29.
605 1246 640 1300 A.
660 1246 739 1316 epist.
760 1253 818 1302 109.
841 1262 866 1302 u.
888 1251 930 1301 ll.
954 1251 975 1303 t.
995 1250 1020 1300 2.

107 1317 159 1371 eol.
178 1320 236 1370 569.
255 1318 289 1366 A.
311 1325 337 1368 et
354 1313 372 1366 l.
393 1321 416 1368 2.
435 1330 481 1384 qu.
500 1314 530 1366 in
547 1313 634 1370 Exod.
656 1320 696 1369 71.
715 1321 737 1369 t.
755 1321 780 1372 4.
799 1314 850 1369 eol.
871 1313 972 1370 istc.
991 1319 1022 1368 et

108 1388 137 1440 in
148 1384 195 1438 Ps.
207 1388 249 1438 32.
268 1388 288 1437 t.
304 1388 327 1437 8.
346 1382 397 1436 eol.
414 1387 473 1438 219.
486 1383 521 1437 A.
539 1382 587 1436 uhi
607 1383 721 1438 exsertis
739 1384 839 1452 verbis,
858 1383 953 1453 bobes,
970 1383 1022 1451 ait,

108 1453 286 1508 dilectionem
300 1451 359 1504 Det
373 1451 404 1503 e'u
421 1451 519 1518 tribus,
538 1459 564 1504 et
582 1453 760 1506 dtlsott'onem
771 1451 901 1521 proniani
915 1453 947 1505 ia
958 1467 1024 1521 sep·

108 1533 171 1577 tem.
211 1519 299 1599 Cujus
327 1519 506 1574 autoritatem
532 1521 621 1574 secuti
646 1527 711 1574 sunt
735 1521 862 1576 doctores
887 1521 1023 1576 ecelesias

109 1591 170 1660 alii,
186 1606 219 1643 ac
238 1605 277 1642 uo
296 1589 332 1643 ab
349 1589 447 1642 iisdem
465 1605 515 1657 per
526 1606 624 1642 manus
639 1590 719 1660 quasi
733 1590 812 1644 nobis
830 1589 948 1659 tradita,
966 1605 1022 1643 usu

108 1661 256 1716 observata
278 1657 341 1722 fuit,
365 1656 483 1712 testibus
507 1659 601 1727 Beda,
619 1658 648 1711 in
672 1675 696 1712 o.
714 1665 756 1713 21).
781 1658 1021 1715 Exod.eol.1so.

107 1749 134 1785 u.
152 1735 193 1783 40.
236 1728 408 1780 Bernhardo
433 1743 513 1781 serm.
536 1744 597 1796 sup.
620 1727 696 1782 salve
718 1727 842 1798 Regina,
865 1727 918 1781 eol.
944 1733 1020 1784 1744.

107 1801 186 1865 [syro
205 1800 234 1851 in
254 1813 277 1850 a.
297 1802 338 1850 20.
373 1795 460 1851 Exod.
479 1802 498 1850 1.
521 1802 542 1850 1.
561 1796 609 1849 tol.
624 1801 680 1851 163.
715 1799 755 1850 D.
775 1797 945 1860 Lamban-de,
962 1796 1020 1854 l.3.

108 1872 178 1922 sent.
201 1867 264 1920 dist
288 1871 329 1921 tt.
351 1864 370 1918 f.
391 1870 449 1920 312.
478 1867 514 1918 Β.
549 1865 671 1933 Hupoue
692 1865 849 1920 Owdinale
873 1869 1022 1922 sument

107 1939 138 1991 in
154 1936 242 1990 Exod.
260 1951 320 2003 eap.
340 1939 380 1989 20.
402 1933 422 1988 f.
441 1939 482 1988 86.
501 1933 536 1986 A.
559 1949 618 2002 seq.
643 1941 714 2003 part.
734 1943 757 1988 1.
799 1933 870 1989 ostil.
895 1939 925 1988 et
949 1933 1022 1989 aliis.

98 2000 197 2060 'Falso
215 2003 301 2074 igitur
317 2009 479 2065 novatores,
505 2002 552 2073 qui
569 2001 656 2056 verba
674 2002 709 2058 de
727 2019 756 2057 so
787 2002 904 2072 ptilibus
922 2019 1020 2058 seeun-

108 2076 175 2128 dum
192 2076 372 2142 praeeeptum
391 2070 506 2138 faciunt,
523 2069 629 2125 nullam
647 2071 730 2125 aliam
754 2071 916 2125 divisionem
939 2072 1021 2126 deoa-

108 2143 166 2213 logi
183 2159 200 2195 a
217 2141 315 2210 Moyse
331 2155 421 2210 usque
445 2140 481 2193 ad
498 2140 702 2211 Augustinum,
728 2157 811 2221 quam
830 2139 903 2193 hano
921 2139 1022 2221 ipsam,

109 2227 192 2283 quam
212 2210 365 2280 proferunt,
382 2215 544 2278 usurpatam
567 2208 652 2262 fuisse
675 2209 838 2280 gloriantur.
878 2209 972 2264 Ursas.
991 2213 1022 2264 st

109 2283 224 2335 Mosae.
240 2279 266 2333 d.
285 2278 310 2331 d.
331 2278 359 2332 ll.
402 2276 547 2348 Siquidem
572 2284 594 2332 1.
611 2276 727 2346 Josephi
752 2283 780 2332 et
797 2276 922 2331 Philonis
941 2282 1022 2332 auto·

107 2349 198 2411 nitati,
222 2363 306 2419 quam
325 2346 426 2409 citant,
449 2362 485 2415 op
506 2346 615 2415 unimus
637 2345 820 2416 antiquiorem
837 2345 1021 2401 vetustissimi

78 2492 83 2500 ⁴
109 2416 306 2539 oommlqntarii]3
324 2364 586 2537 &liperqrgfflw
606 2415 769 2496 appellatur,
788 2414 910 2537 iiim}
929 2416 1021 2470 Jona-

106 2489 339 2633 illnllhel.
355 2501 610 2623 ttfqtttt
624 2499 858 2622 2.ngng
875 2500 941 2606 ..10
954 2500 1022 2633 ἐξ

107 2626 228 2680 stituunt
238 2639 358 2693 primum
371 2627 564 2691 praeceptum:
582 2637 616 2675 ex
633 2637 710 2701 seqq.
721 2637 801 2675 vero:
819 2621 883 2676 Non
900 2619 1023 2676 habebis

108 2696 175 2750 deos
197 2691 301 2746 alienos
326 2706 419 2745 eoram
449 2706 501 2744 me.
536 2690 600 2746 Non
621 2689 707 2743 iactes
735 2689 786 2743 tibi
813 2689 942 2759 sculptile
966 2694 1020 2745 etc.

107 2761 275 2819 secundum.
294 2759 380 2814 etita
396 2759 483 2814 verba
499 2759 535 2813 de
547 2758 723 2828 sculptilibus
740 2762 889 2828 praecepto
908 2759 944 2812 de
961 2774 1021 2813 non

106 2829 243 2886 habendis
260 2826 427 2909 diisualienis
445 2832 655 2951 anneotnnqer
669 2826 824 2898 iisdemque
841 2843 929 2907 unum
939 2843 1021 2896 pras·

107 2895 927 3023 tttttttttttttltttltttttttttlt
942 2895 1021 3018 tlt

108 3037 147 3091 ad
163 3037 274 3091 oculum
293 3033 410 3105 Josephi
428 3040 458 3089 et
475 3032 600 3088 Philonis
620 3033 881 3100 dinumerationem,
909 3032 945 3087 de
962 3049 1022 3104 qua

107 3111 254 3177 tantopere
273 3103 435 3174 gloriantur,
452 3117 509 3156 non
526 3119 586 3156 esse
605 3102 732 3156 omnibus
743 3102 883 3156 veteribus
897 3118 1020 3156 eommu-

103 3190 179 3231 nem.
215 3180 239 3230 2.
258 3172 427 3240 Hieronymi
440 3171 581 3240 autoritas,
599 3188 684 3242 quam
698 3171 830 3241 allegant,
848 3177 890 3226 est
902 3170 1021 3241 luhriea,
