2250 3772
103 240 167 305 252
240 239 347 324 Caput
370 239 411 301 ll.
455 240 507 302 De
530 238 677 322 syrnbolo
704 237 886 322 apostolico,

175 410 331 477 (Attienus.
350 408 380 460 in
398 407 523 477 symbolo
541 408 580 460 sie
597 406 709 461 definit:
736 415 777 459 est
797 404 937 473 essrtrnptio
951 399 987 479 ltu

104 478 250 530 mussitatis
269 477 298 529 in
316 477 476 541 I)citetem,·
495 476 680 546 subintellige,
701 477 747 528 roi
766 475 851 543 λόγου
868 472 944 527 velin
958 483 989 548 ψ·

105 564 167 600 sum
185 546 285 616 tityon,
312 546 357 599 vel
380 546 408 598 in
432 562 578 614 personam
597 545 691 597 ibren.
727 545 779 598 Est
797 560 862 599 vero
896 540 991 617 reposti*

104 615 253 685 descriptio
271 620 383 683 sumpta
401 632 417 667 a
435 614 524 667 forma
541 615 600 669 sive
638 613 775 667 ifferontia
793 612 866 684 speo'
887 628 916 666 ea
932 620 993 685 unp·

103 684 148 738 nis
166 684 375 753 hypostaticae,
403 700 458 753 qua
475 682 510 735 ab
529 682 590 736 aliis
610 682 759 736 unionibus
776 682 902 735 omnibus
918 678 993 730 disun-

103 754 213 824 guitur‚
238 769 308 822 quae
333 757 375 805 est
398 752 499 805 assumi
521 751 550 804 in
573 768 720 821 porsonam
745 751 803 805 sire
831 751 860 804 in
883 746 997 803 unitatem

103 839 247 892 personae,
262 826 290 876 et
299 826 415 874 naturae
426 820 654 887 communionem,
666 821 710 874 vel
720 820 792 873 uniri
803 820 832 873 in
842 834 898 873 una
908 814 999 873 eadem·

106 907 160 961 que
178 906 305 959 persona.
337 890 450 943 Dehas
468 906 543 959 seqq.
557 888 731 943 observanda
749 890 892 942 axiomata
918 886 936 939 l.
948 880 1000 957 llll:

103 978 190 1011 meuu
214 967 319 1010 iliciana
345 959 375 1009 iu
395 957 506 1010 Chrisw
532 977 585 1011 rien
611 959 760 1027 assumpsit
775 974 925 1027 personare
939 952 1002 1005 dior·

104 1047 185 1094 uum,
203 1046 253 1079 nec
267 1044 395 1096 persocia
415 1026 514 1080 <lintius
534 1028 685 1096 cassttmpsit
692 1044 849 1094 personam
860 1026 1005 1097 humectetur

104 1099 157 1149 secl
172 1105 304 1149 nutrirent
322 1097 480 1148 terruerunt.
518 1095 617 1166 Itaque
642 1094 679 1149 ΙΙ.
700 1097 823 1148 truncans
841 1104 938 1148 neutra
951 1098 1003 1141 sot*

105 1174 145 1219 est
164 1164 361 1232 ὶδιοσύστιιτος,
383 1183 439 1217 uon
457 1165 539 1216 tebet
553 1166 706 1233 proprium
720 1164 892 1233 hypostasin,
910 1176 951 1213 nec
965 1156 1006 1208 etl

104 1233 325 1297 eunomianum,
339 1250 466 1315 persone
484 1251 538 1300 per
556 1251 584 1285 se
603 1235 770 1301 subsistens,
790 1251 842 1285 nec
859 1239 899 1285 est
915 1218 1007 1307 trunci·

104 1320 216 1371 στατος,
242 1303 425 1355 insubsistens
448 1303 492 1355 uel
515 1302 692 1355 sribsistentin
715 1320 830 1368 cereris,
854 1302 905 1354 secl
920 1300 1008 1351 tinno-

105 1390 203 1430 στανος
220 1373 368 1423 subsistens
384 1372 414 1422 in
429 1388 554 1438 persona
574 1376 622 1424 τοῦ
640 1372 742 1439 λόγου,
769 1374 902 1424 Durnesc.
923 1365 962 1420 lib.
981 1364 1007 1413 3·

105 1442 174 1495 orth.
192 1440 239 1495 fid.
253 1458 275 1493 c.
289 1450 312 1495 9.
331 1458 359 1509 p.
372 1445 430 1493 200.
444 1440 476 1492 Ε.
495 1440 559 1509 ipsu
580 1441 738 1508 hypostasis
757 1441 817 1493 Dn·
833 1439 916 1493 uerbi.
926 1434 1008 1503 facist

105 1519 147 1563 est
164 1510 259 1562 cericis
277 1508 443 1577 hypostasis.
484 1512 653 1564 Muenna-en.
678 1509 739 1566 (1.1.
758 1525 782 1561 c.
802 1515 841 1563 ll.
860 1525 887 1578 p.
909 1508 958 1561 tot.
979 1498 1009 1549 69

106 1594 170 1633 caro
195 1596 274 1630 suum
302 1594 361 1631 esse
382 1577 527 1646 personale
552 1577 639 1631 habet
665 1578 694 1630 in
711 1593 831 1647 persona
857 1576 904 1630 roi
920 1572 1007 1637 λύων·

104 1648 158 1701 ΙΙΙ.
179 1647 319 1714 Quicquid
336 1648 371 1698 cle
386 1654 531 1714 assumpte
551 1646 657 1699 Christi
675 1655 778 1699 iaciture
798 1648 902 1699 dicitis·
919 1650 1006 1713 perw·

103 1717 217 1782 nabiter,
237 1717 288 1769 boc
305 1717 340 1766 (le
359 1715 440 1767 rieule
458 1715 519 1767 etin
535 1724 665 1768 creature
677 1714 827 1783 affirmari
834 1721 929 1782 petest,
953 1706 1007 1760 Er·

104 1793 172 1838 rasit
191 1785 278 1857 igitur
296 1783 352 1851 isti,
373 1784 440 1854 quid
459 1784 493 1837 de
512 1790 612 1837 natura
624 1790 733 1837 tantiun
748 1784 893 1849 naturalia,
912 1782 1006 1847 depes·

106 1872 175 1908 sona
195 1852 350 1924 personalia
369 1853 524 1923 praedicari
543 1854 698 1922 opinantur.
736 1853 803 1907 Sim.
820 1852 895 1921 apud
904 1838 1005 1926 S⁰lli⁰l⁶

104 1924 135 1976 in
154 1930 193 1975 su,
214 1924 371 1992 reprehens.
394 1941 420 1991 p.
443 1929 476 1976 20
495 1938 551 1991 seq.
600 1923 672 1977 Nam
699 1939 749 1991 pro
777 1921 886 1975 ratione
908 1920 1004 1972 unlonl⁵

103 1993 255 2062 personalis
274 1993 308 2045 de
326 1992 448 2044 humana
468 1990 570 2044 Christi
591 2000 692 2044 natura
717 1991 805 2044 multu
822 1986 1004 2070 praedicantur

104 2062 287 2132 personaliter
305 2067 371 2123 (non
389 2059 573 2127 naturaliter),
616 2061 663 2112 nia
681 2059 805 2112 subsistit
825 2078 854 2112 in
871 2057 939 2125 λόγῳ
954 2058 1003 2102 11⁰⁰

105 2130 281 2189 naturaliter,
305 2130 354 2182 sed
374 2128 562 2198 personaliter,
597 2078 650 2183 (iv.
679 2129 750 2181 Unio
769 2136 809 2180 est
828 2130 944 2179 etiterum
960 2128 1003 2191 πᾷ·

106 2208 237 2251 niceratus
260 2199 290 2249 in
311 2215 369 2249 atriu
386 2215 520 2277 per-sonu.
564 2200 673 2249 lirrunt
692 2197 778 2266 igitur
798 2214 813 2249 e
835 2193 1006 2261 (talsiniacus

105 2265 484 2337 quipersonamFili1‚nou
504 2265 586 2318 etiarn
605 2266 666 2334 ejus
682 2274 810 2319 naturam
831 2265 948 2318 divinam
970 2262 1006 2302 1¹¹·

104 2342 246 2389 earnatam
265 2350 326 2388 esse
347 2334 496 2402 disputant.
535 2337 674 2387 Dunneus
690 2334 719 2387 in
738 2318 1007 2395 texam.Clrem11.⁰2⁴·

103 2422 132 2473 p.
146 2409 178 2457 82
192 2420 267 2473 seqq.
307 2402 392 2456 Solen.
412 2418 518 2472 eroges.
536 2410 588 2457 art.
603 2408 627 2455 3.
646 2421 672 2472 p.
689 2410 745 2457 192.
784 2402 927 2472 Scriptura
944 2396 1009 2449 erum

106 2481 128 2527 1.
154 2472 256 2525 diserte
282 2472 449 2524 montionem
476 2470 545 2524 facit
573 2479 688 2525 naturae
716 2471 840 2535 divinae,
869 2470 927 2524 Uol.
944 2468 976 2539 2,-
991 2450 1012 2501 9

105 2548 128 2597 2.
147 2540 270 2595 Persona
300 2546 328 2593 et
349 2544 450 2593 natura
474 2540 567 2593 divina
590 2541 617 2593 in
641 2540 766 2610 qualibet
790 2556 908 2610 persona
932 2520 1016 2593 tssffll'

105 2628 161 2664 non
177 2609 310 2663 differunt
337 2609 449 2662 realiter
473 2608 523 2669 (sie
550 2609 622 2662 enim
641 2610 862 2663 introduceretur
880 2600 1018 2679 quareret

106 2684 176 2744 tas),
204 2678 253 2732 sed
271 2695 391 2747 persona
409 2677 472 2731 Filii
490 2683 532 2732 est
556 2678 617 2746 ipsa
634 2684 733 2731 natura
752 2678 846 2731 (lirina
863 2682 937 2731 certo
955 2658 1023 2719 ch·

105 2754 210 2801 rectore
231 2748 407 2817 hypostatice
424 2746 614 2800 determinata.
651 2750 712 2799 Nec
728 2749 817 2800 obstet
837 2750 964 2800 veterum
992 2724 1026 2775 l⁰'

105 2817 193 2870 cutio:
212 2817 298 2871 solani
317 2815 534 2885 personarnFilii
556 2832 616 2869 esse
634 2815 815 2874 incantatam,
835 2817 919 2868 Gerar.
931 2790 1034 2885 Tem:

114 2886 162 2940 VI.
181 2903 204 2942 c.
228 2894 248 2941 l.
267 2885 322 2941 vol.
336 2890 358 2938 3.
378 2902 453 2938 eone.
468 2903 496 2954 p.
512 2891 552 2940 84.
567 2902 591 2936 a.
634 2886 785 2953 Opponunt
803 2884 876 2938 enim
895 2883 939 2936 isti
956 2869 1022 2947 Pes

106 2972 202 3009 sonam
219 2972 275 3008 non
297 2954 408 3008 divinae
430 2961 545 3006 naturae
565 2952 638 3015 Filii,
660 2954 709 3007 scd
728 2970 864 3023 personae
883 2950 985 3005 Patri&
1011 2934 1026 2972 ⁰

105 3022 225 3092 Spiritus
251 3042 272 3077 s.
312 3022 346 3077 V.
370 3024 500 3076 Persona
524 3025 573 3074 τοῦ
597 3022 682 3091 λόγου
710 3032 775 3075 irrite
798 3010 1015 3074 enarrationi
1038 3074 1044 3085 ,

104 3093 163 3157 fuit
184 3094 302 3160 simplet
322 3094 352 3144 iu
371 3092 469 3144 diuina
486 3099 592 3143 tanturn
605 3099 710 3143 risitaret
727 3092 885 3157 archaismus,
901 3094 968 3157 post
998 3082 1013 3115 ²
1038 3136 1044 3165 4

104 3162 297 3215 carnationern
316 3179 382 3214 nero
403 3161 570 3228 composite,
592 3162 658 3227 nicia
678 3162 706 3211 in
731 3162 866 3212 uisitetern
880 3138 1044 3239 perscv'ffi

105 3237 238 3283 staturam
256 3230 407 3282 licinianum
423 3230 582 3295 assrretpsit.
620 3232 756 3283 Dunense.
776 3229 823 3282 lib.
841 3237 865 3282 3.
885 3226 953 3279 orth.
981 3204 1044 3309 fle

108 3316 132 3354 e.
151 3306 174 3356 3,
197 3317 225 3369 p.
247 3304 303 3353 171.
339 3296 439 3367 Itaque
455 3295 506 3352 Vl.
523 3304 589 3362 ptest
600 3298 716 3363 facturn
733 3298 955 3351 incarnationem
982 3286 1025 3333 '¹³
