<?xml version="1.0" encoding="UTF-8"?>
<!DOCTYPE html PUBLIC "-//W3C//DTD XHTML 1.0 Transitional//EN"
    "http://www.w3.org/TR/xhtml1/DTD/xhtml1-transitional.dtd">
<html xmlns="http://www.w3.org/1999/xhtml" xml:lang="en" lang="en">
 <head>
  <title>
</title>
<meta http-equiv="Content-Type" content="text/html;charset=utf-8" />
  <meta name='ocr-system' content='tesseract 3.04.00' />
  <meta name='ocr-capabilities' content='ocr_page ocr_carea ocr_par ocr_line ocrx_word'/>
</head>
<body>
  <div class='ocr_page' id='page_1' title='image "./dconradidieteri00dietgoog_0192.png"; bbox 0 0 2250 3772; ppageno 0'>
   <div class='ocr_carea' id='block_1_1' title="bbox 418 226 987 312">
    <p class='ocr_par' dir='ltr' id='par_1_1' title="bbox 418 226 987 312">
     <span class='ocr_line' id='line_1_1' title="bbox 418 226 987 312; baseline 0.007 -22"><span class='ocrx_word' id='word_1_1' title='bbox 418 226 470 290; x_wconf 91' lang='lat' dir='ltr'><strong>Dc</strong></span> <span class='ocrx_word' id='word_1_2' title='bbox 492 238 633 312; x_wconf 84' lang='lat' dir='ltr'><strong>peccato.</strong></span> <span class='ocrx_word' id='word_1_3' title='bbox 922 229 987 295; x_wconf 77' lang='lat'><strong>159</strong></span> 
     </span>
    </p>
   </div>
   <div class='ocr_carea' id='block_1_2' title="bbox 94 388 1066 1355">
    <p class='ocr_par' dir='ltr' id='par_1_2' title="bbox 94 388 1066 1355">
     <span class='ocr_line' id='line_1_2' title="bbox 110 388 988 464; baseline 0.01 -21"><span class='ocrx_word' id='word_1_4' title='bbox 110 388 259 448; x_wconf 71' lang='lat' dir='ltr'><strong>subordinatis</strong></span> <span class='ocrx_word' id='word_1_5' title='bbox 276 401 306 450; x_wconf 89' lang='lat' dir='ltr'><strong>et</strong></span> <span class='ocrx_word' id='word_1_6' title='bbox 322 410 374 464; x_wconf 88' lang='lat' dir='ltr'><strong>per</strong></span> <span class='ocrx_word' id='word_1_7' title='bbox 393 412 423 450; x_wconf 82' lang='lat' dir='ltr'><strong>oe</strong></span> <span class='ocrx_word' id='word_1_8' title='bbox 439 394 623 450; x_wconf 82' lang='lat' dir='ltr'><strong>moventibus.</strong></span> <span class='ocrx_word' id='word_1_9' title='bbox 660 394 715 448; x_wconf 91' lang='lat' dir='ltr'><strong>Hic</strong></span> <span class='ocrx_word' id='word_1_10' title='bbox 734 412 801 450; x_wconf 85' lang='lat' dir='ltr'><strong>vero</strong></span> <span class='ocrx_word' id='word_1_11' title='bbox 819 395 855 450; x_wconf 88' lang='lat' dir='ltr'><strong>de</strong></span> <span class='ocrx_word' id='word_1_12' title='bbox 872 395 941 450; x_wconf 81' lang='lat' dir='ltr'><strong>vitio</strong></span> <span class='ocrx_word' id='word_1_13' title='bbox 960 402 988 452; x_wconf 85' lang='lat' dir='ltr'><strong>et</strong></span> 
     </span>
     <span class='ocr_line' id='line_1_3' title="bbox 107 455 985 535; baseline 0.006 -22"><span class='ocrx_word' id='word_1_14' title='bbox 107 455 178 528; x_wconf 60' lang='lat' dir='ltr'><strong>irritu</strong></span> <span class='ocrx_word' id='word_1_15' title='bbox 191 463 343 532; x_wconf 83' lang='lat' dir='ltr'><strong>quaeritur,</strong></span> <span class='ocrx_word' id='word_1_16' title='bbox 359 480 432 535; x_wconf 90' lang='lat' dir='ltr'><strong>quae</strong></span> <span class='ocrx_word' id='word_1_17' title='bbox 449 480 467 518; x_wconf 93' lang='lat' dir='ltr'><strong>a</strong></span> <span class='ocrx_word' id='word_1_18' title='bbox 483 470 560 518; x_wconf 86' lang='lat' dir='ltr'><strong>recta</strong></span> <span class='ocrx_word' id='word_1_19' title='bbox 577 464 822 518; x_wconf 86' lang='lat' dir='ltr'><strong>subordinatarum</strong></span> <span class='ocrx_word' id='word_1_20' title='bbox 837 480 985 519; x_wconf 78' lang='lat' dir='ltr'><strong>cannarum</strong></span> 
     </span>
     <span class='ocr_line' id='line_1_4' title="bbox 106 525 985 603; baseline -0.003 -14"><span class='ocrx_word' id='word_1_21' title='bbox 106 525 156 589; x_wconf 65' lang='lat' dir='ltr'><strong>&#39;dio</strong></span> <span class='ocrx_word' id='word_1_22' title='bbox 174 532 265 587; x_wconf 91' lang='lat' dir='ltr'><strong>nond</strong></span> <span class='ocrx_word' id='word_1_23' title='bbox 304 531 396 587; x_wconf 81' lang='lat' dir='ltr'><strong>cadet.</strong></span> <span class='ocrx_word' id='word_1_24' title='bbox 430 532 666 603; x_wconf 79' lang='lat' dir='ltr'><strong>Distinguendum</strong></span> <span class='ocrx_word' id='word_1_25' title='bbox 683 532 770 603; x_wconf 92' lang='lat' dir='ltr'><strong>igitur</strong></span> <span class='ocrx_word' id='word_1_26' title='bbox 788 533 860 588; x_wconf 90' lang='lat' dir='ltr'><strong>inter</strong></span> <span class='ocrx_word' id='word_1_27' title='bbox 871 539 985 587; x_wconf 85' lang='lat' dir='ltr'><strong>motum</strong></span> 
     </span>
     <span class='ocr_line' id='line_1_5' title="bbox 105 597 984 662; baseline 0.002 -9"><span class='ocrx_word' id='word_1_28' title='bbox 105 597 243 662; x_wconf 60' lang='grc' dir='ltr'><strong>ώᾶταξίαν.</strong></span> <span class='ocrx_word' id='word_1_29' title='bbox 316 617 332 655; x_wconf 90' lang='lat' dir='ltr'><strong>e</strong></span> <span class='ocrx_word' id='word_1_30' title='bbox 350 607 393 656; x_wconf 85' lang='lat' dir='ltr'><strong>eut</strong></span> <span class='ocrx_word' id='word_1_31' title='bbox 410 601 501 656; x_wconf 87' lang='lat' dir='ltr'><strong>aDeo</strong></span> <span class='ocrx_word' id='word_1_32' title='bbox 518 607 551 655; x_wconf 91' lang='lat' dir='ltr'><strong>ut</strong></span> <span class='ocrx_word' id='word_1_33' title='bbox 568 617 667 655; x_wconf 83' lang='lat' dir='ltr'><strong>cansa.</strong></span> <span class='ocrx_word' id='word_1_34' title='bbox 684 600 754 657; x_wconf 84' lang='lat' dir='ltr'><strong>haec</strong></span> <span class='ocrx_word' id='word_1_35' title='bbox 772 602 808 656; x_wconf 85' lang='lat' dir='ltr'><strong>ab</strong></span> <span class='ocrx_word' id='word_1_36' title='bbox 826 602 924 657; x_wconf 89' lang='lat' dir='ltr'><strong>eodem</strong></span> <span class='ocrx_word' id='word_1_37' title='bbox 936 602 984 655; x_wconf 87' lang='lat' dir='ltr'><strong>de·</strong></span> 
     </span>
     <span class='ocr_line' id='line_1_6' title="bbox 94 664 985 741; baseline 0 -18"><span class='ocrx_word' id='word_1_38' title='bbox 94 664 149 723; x_wconf 74' lang='lat' dir='ltr'><strong>aio.</strong></span> <span class='ocrx_word' id='word_1_39' title='bbox 175 669 257 733; x_wconf 81' lang='lat' dir='ltr'><strong>Quod</strong></span> <span class='ocrx_word' id='word_1_40' title='bbox 270 669 415 740; x_wconf 77' lang='lat' dir='ltr'><strong>eleganter</strong></span> <span class='ocrx_word' id='word_1_41' title='bbox 430 669 554 725; x_wconf 82' lang='lat' dir='ltr'><strong>declarat</strong></span> <span class='ocrx_word' id='word_1_42' title='bbox 571 671 744 738; x_wconf 75' lang='lat' dir='ltr'><strong>Aayaotiana</strong></span> <span class='ocrx_word' id='word_1_43' title='bbox 763 671 889 741; x_wconf 84' lang='lat' dir='ltr'><strong>exemplo</strong></span> <span class='ocrx_word' id='word_1_44' title='bbox 908 671 985 724; x_wconf 85' lang='lat' dir='ltr'><strong>clan-</strong></span> 
     </span>
     <span class='ocr_line' id='line_1_7' title="bbox 104 733 985 809; baseline 0.005 -21"><span class='ocrx_word' id='word_1_45' title='bbox 104 733 200 800; x_wconf 76' lang='lat' dir='ltr'><strong>biantis,</strong></span> <span class='ocrx_word' id='word_1_46' title='bbox 216 737 305 793; x_wconf 83' lang='lat' dir='ltr'><strong>libell.</strong></span> <span class='ocrx_word' id='word_1_47' title='bbox 328 739 365 793; x_wconf 86' lang='lat' dir='ltr'><strong>de</strong></span> <span class='ocrx_word' id='word_1_48' title='bbox 384 739 499 808; x_wconf 80' lang='lat' dir='ltr'><strong>perfect.</strong></span> <span class='ocrx_word' id='word_1_49' title='bbox 514 741 583 809; x_wconf 85' lang='lat' dir='ltr'><strong>just.</strong></span> <span class='ocrx_word' id='word_1_50' title='bbox 603 743 668 794; x_wconf 54' lang='lat' dir='ltr'><strong>tsi.</strong></span> <span class='ocrx_word' id='word_1_51' title='bbox 687 739 736 793; x_wconf 87' lang='lat' dir='ltr'><strong>col.</strong></span> <span class='ocrx_word' id='word_1_52' title='bbox 759 746 833 796; x_wconf 83' lang='grc'><strong>1418.</strong></span> <span class='ocrx_word' id='word_1_53' title='bbox 854 740 890 796; x_wconf 89' lang='lat' dir='ltr'><strong>D.</strong></span> <span class='ocrx_word' id='word_1_54' title='bbox 922 741 985 792; x_wconf 87' lang='lat' dir='ltr'><strong>Nec</strong></span> 
     </span>
     <span class='ocr_line' id='line_1_8' title="bbox 103 802 986 878; baseline 0.001 -18"><span class='ocrx_word' id='word_1_55' title='bbox 103 802 193 877; x_wconf 78' lang='lat' dir='ltr'><strong>borium</strong></span> <span class='ocrx_word' id='word_1_56' title='bbox 219 813 243 861; x_wconf 82' lang='lat'><strong>5.</strong></span> <span class='ocrx_word' id='word_1_57' title='bbox 280 806 338 860; x_wconf 92' lang='lat' dir='ltr'><strong>uod</strong></span> <span class='ocrx_word' id='word_1_58' title='bbox 356 806 433 862; x_wconf 82' lang='lat' dir='ltr'><strong>Deus</strong></span> <span class='ocrx_word' id='word_1_59' title='bbox 450 808 554 862; x_wconf 90' lang='lat' dir='ltr'><strong>malum</strong></span> <span class='ocrx_word' id='word_1_60' title='bbox 570 825 626 862; x_wconf 89' lang='lat' dir='ltr'><strong>non</strong></span> <span class='ocrx_word' id='word_1_61' title='bbox 647 807 775 877; x_wconf 90' lang='lat' dir='ltr'><strong>impedit,</strong></span> <span class='ocrx_word' id='word_1_62' title='bbox 794 809 844 862; x_wconf 81' lang='lat' dir='ltr'><strong>sed</strong></span> <span class='ocrx_word' id='word_1_63' title='bbox 864 808 986 878; x_wconf 79' lang='lat' dir='ltr'><strong>gratiam</strong></span> 
     </span>
     <span class='ocr_line' id='line_1_9' title="bbox 103 875 985 933; baseline 0.006 -6"><span class='ocrx_word' id='word_1_64' title='bbox 103 888 202 928; x_wconf 77' lang='lat' dir='ltr'><strong>aunon</strong></span> <span class='ocrx_word' id='word_1_65' title='bbox 287 875 315 929; x_wconf 85' lang='lat' dir='ltr'><strong>&#39;t</strong></span> <span class='ocrx_word' id='word_1_66' title='bbox 350 876 780 933; x_wconf 77' lang='lat' dir='ltr'><strong>Idemd.l.4.n.28.i.bl.a.</strong></span> <span class='ocrx_word' id='word_1_67' title='bbox 816 876 985 932; x_wconf 86' lang='lat' dir='ltr'><strong>Deuuenim</strong></span> 
     </span>
     <span class='ocr_line' id='line_1_10' title="bbox 103 942 984 1025; baseline 0.003 -28"><span class='ocrx_word' id='word_1_68' title='bbox 103 942 169 1023; x_wconf 68' lang='lat' dir='ltr'><strong>unna</strong></span> <span class='ocrx_word' id='word_1_69' title='bbox 182 944 241 1015; x_wconf 87' lang='lat' dir='ltr'><strong>agit</strong></span> <span class='ocrx_word' id='word_1_70' title='bbox 256 943 429 1025; x_wconf 35' lang='lat' dir='ltr'><strong>libera-nec</strong></span> <span class='ocrx_word' id='word_1_71' title='bbox 447 944 589 1016; x_wconf 79' lang='lat' dir='ltr'><strong>obligatur</strong></span> <span class='ocrx_word' id='word_1_72' title='bbox 607 951 648 999; x_wconf 82' lang='lat' dir='ltr'><strong>eut</strong></span> <span class='ocrx_word' id='word_1_73' title='bbox 665 944 747 1025; x_wconf 79' lang='lat' dir='ltr'><strong>nobie</strong></span> <span class='ocrx_word' id='word_1_74' title='bbox 765 944 913 1015; x_wconf 90' lang='lat' dir='ltr'><strong>impedire,</strong></span> <span class='ocrx_word' id='word_1_75' title='bbox 929 961 984 1025; x_wconf 80' lang='lat' dir='ltr'><strong>nec</strong></span> 
     </span>
     <span class='ocr_line' id='line_1_11' title="bbox 102 1011 1031 1164; baseline 0 -28"><span class='ocrx_word' id='word_1_76' title='bbox 102 1011 470 1157; x_wconf 48' lang='lat' dir='ltr'><strong>atrabatum</strong></span> <span class='ocrx_word' id='word_1_77' title='bbox 487 1014 985 1164; x_wconf 60' lang='lat' dir='ltr'><strong>attitiaatltaattt</strong></span> <span class='ocrx_word' id='word_1_78' title='bbox 1028 1072 1031 1083; x_wconf 91' lang='lat'><em>·</em></span> 
     </span>
     <span class='ocr_line' id='line_1_12' title="bbox 100 1148 984 1219; baseline 0.006 -18"><span class='ocrx_word' id='word_1_79' title='bbox 100 1148 160 1211; x_wconf 81' lang='lat' dir='ltr'><strong>bun,</strong></span> <span class='ocrx_word' id='word_1_80' title='bbox 179 1156 226 1204; x_wconf 89' lang='lat' dir='ltr'><strong>aut</strong></span> <span class='ocrx_word' id='word_1_81' title='bbox 243 1156 361 1219; x_wconf 87' lang='lat' dir='ltr'><strong>peccato</strong></span> <span class='ocrx_word' id='word_1_82' title='bbox 379 1151 544 1218; x_wconf 74' lang='lat' dir='ltr'><strong>delectetur,</strong></span> <span class='ocrx_word' id='word_1_83' title='bbox 569 1151 619 1205; x_wconf 84' lang='lat' dir='ltr'><strong>sed</strong></span> <span class='ocrx_word' id='word_1_84' title='bbox 640 1156 672 1204; x_wconf 90' lang='lat' dir='ltr'><strong>ut</strong></span> <span class='ocrx_word' id='word_1_85' title='bbox 695 1151 799 1205; x_wconf 91' lang='lat' dir='ltr'><strong>bonum</strong></span> <span class='ocrx_word' id='word_1_86' title='bbox 815 1151 899 1206; x_wconf 90' lang='lat' dir='ltr'><strong>finem</strong></span> <span class='ocrx_word' id='word_1_87' title='bbox 916 1150 984 1206; x_wconf 88' lang='lat' dir='ltr'><strong>unde</strong></span> 
     </span>
     <span class='ocr_line' id='line_1_13' title="bbox 102 1212 1066 1288; baseline 0.002 -17"><span class='ocrx_word' id='word_1_88' title='bbox 102 1212 179 1285; x_wconf 72' lang='lat' dir='ltr'><strong>oeno,</strong></span> <span class='ocrx_word' id='word_1_89' title='bbox 196 1218 233 1272; x_wconf 88' lang='lat' dir='ltr'><strong>ad</strong></span> <span class='ocrx_word' id='word_1_90' title='bbox 247 1219 390 1288; x_wconf 78' lang='lat' dir='ltr'><strong>justitiam</strong></span> <span class='ocrx_word' id='word_1_91' title='bbox 408 1236 486 1274; x_wconf 82' lang='lat' dir='ltr'><strong>auam</strong></span> <span class='ocrx_word' id='word_1_92' title='bbox 505 1219 709 1274; x_wconf 86' lang='lat' dir='ltr'><strong>declarandam.</strong></span> <span class='ocrx_word' id='word_1_93' title='bbox 749 1219 850 1274; x_wconf 80' lang='lat' dir='ltr'><strong>Confer</strong></span> <span class='ocrx_word' id='word_1_94' title='bbox 867 1219 987 1275; x_wconf 82' lang='lat' dir='ltr'><strong>inferius-</strong></span> <span class='ocrx_word' id='word_1_95' title='bbox 1064 1242 1066 1246; x_wconf 53' lang='lat'><strong><em>¹</em></strong></span> 
     </span>
     <span class='ocr_line' id='line_1_14' title="bbox 103 1280 416 1355; baseline 0.016 -18"><span class='ocrx_word' id='word_1_96' title='bbox 103 1280 300 1355; x_wconf 85' lang='lat' dir='ltr'><strong>boproridentia</strong></span> <span class='ocrx_word' id='word_1_97' title='bbox 318 1293 342 1343; x_wconf 86' lang='grc'><strong>9.</strong></span> <span class='ocrx_word' id='word_1_98' title='bbox 365 1291 416 1355; x_wconf 83' lang='grc'><strong>13.)</strong></span> 
     </span>
    </p>
   </div>
   <div class='ocr_carea' id='block_1_3' title="bbox 160 1389 791 1577">
    <p class='ocr_par' dir='ltr' id='par_1_3' title="bbox 160 1389 791 1577">
     <span class='ocr_line' id='line_1_15' title="bbox 264 1389 791 1476; baseline 0.002 -22"><span class='ocrx_word' id='word_1_99' title='bbox 264 1391 313 1454; x_wconf 88' lang='lat' dir='ltr'><strong>ll.</strong></span> <span class='ocrx_word' id='word_1_100' title='bbox 349 1389 525 1475; x_wconf 77' lang='lat' dir='ltr'><strong>Quotaplea</strong></span> <span class='ocrx_word' id='word_1_101' title='bbox 546 1403 590 1455; x_wconf 82' lang='lat' dir='ltr'><strong>eat</strong></span> <span class='ocrx_word' id='word_1_102' title='bbox 607 1389 791 1476; x_wconf 75' lang='lat' dir='ltr'><strong>peccatam?</strong></span> 
     </span>
     <span class='ocr_line' id='line_1_16' title="bbox 160 1488 685 1577; baseline 0.002 -24"><span class='ocrx_word' id='word_1_103' title='bbox 160 1488 302 1576; x_wconf 88' lang='lat' dir='ltr'><strong>Duplex:</strong></span> <span class='ocrx_word' id='word_1_104' title='bbox 322 1491 477 1577; x_wconf 86' lang='lat' dir='ltr'><strong>originale</strong></span> <span class='ocrx_word' id='word_1_105' title='bbox 500 1505 532 1556; x_wconf 92' lang='lat' dir='ltr'><strong>et</strong></span> <span class='ocrx_word' id='word_1_106' title='bbox 553 1491 685 1555; x_wconf 90' lang='lat' dir='ltr'><strong>actuale.</strong></span> 
     </span>
    </p>
   </div>
   <div class='ocr_carea' id='block_1_4' title="bbox 226 1607 829 1695">
    <p class='ocr_par' dir='ltr' id='par_1_4' title="bbox 226 1607 829 1695">
     <span class='ocr_line' id='line_1_17' title="bbox 226 1607 829 1695; baseline -0.002 -21"><span class='ocrx_word' id='word_1_107' title='bbox 226 1610 276 1677; x_wconf 79' lang='lat'><strong>12.</strong></span> <span class='ocrx_word' id='word_1_108' title='bbox 312 1607 397 1686; x_wconf 74' lang='lat' dir='ltr'><strong>Quia</strong></span> <span class='ocrx_word' id='word_1_109' title='bbox 417 1622 460 1673; x_wconf 86' lang='lat' dir='ltr'><strong>eat</strong></span> <span class='ocrx_word' id='word_1_110' title='bbox 475 1623 638 1693; x_wconf 82' lang='lat' dir='ltr'><strong>peccatam</strong></span> <span class='ocrx_word' id='word_1_111' title='bbox 659 1611 829 1695; x_wconf 71' lang='lat' dir='ltr'><strong>originale?</strong></span> 
     </span>
    </p>
   </div>
   <div class='ocr_carea' id='block_1_5' title="bbox 98 1711 984 2307">
    <p class='ocr_par' dir='ltr' id='par_1_5' title="bbox 98 1711 984 2307">
     <span class='ocr_line' id='line_1_18' title="bbox 159 1711 983 1798; baseline 0.008 -23"><span class='ocrx_word' id='word_1_112' title='bbox 159 1711 329 1777; x_wconf 84' lang='lat' dir='ltr'><strong>Peccatum</strong></span> <span class='ocrx_word' id='word_1_113' title='bbox 351 1713 505 1798; x_wconf 85' lang='lat' dir='ltr'><strong>originale</strong></span> <span class='ocrx_word' id='word_1_114' title='bbox 533 1723 582 1776; x_wconf 85' lang='lat' dir='ltr'><strong>est</strong></span> <span class='ocrx_word' id='word_1_115' title='bbox 603 1712 715 1776; x_wconf 90' lang='lat' dir='ltr'><strong>intima</strong></span> <span class='ocrx_word' id='word_1_116' title='bbox 735 1715 832 1778; x_wconf 84' lang='lat' dir='ltr'><strong>totius</strong></span> <span class='ocrx_word' id='word_1_117' title='bbox 851 1728 983 1782; x_wconf 89' lang='lat' dir='ltr'><strong>naturae</strong></span> 
     </span>
     <span class='ocr_line' id='line_1_19' title="bbox 102 1784 984 1887; baseline 0.011 -30"><span class='ocrx_word' id='word_1_118' title='bbox 102 1784 245 1874; x_wconf 81' lang='lat' dir='ltr'><strong>bonanae,</strong></span> <span class='ocrx_word' id='word_1_119' title='bbox 275 1810 444 1862; x_wconf 86' lang='lat' dir='ltr'><strong>concreata</strong></span> <span class='ocrx_word' id='word_1_120' title='bbox 458 1795 585 1882; x_wconf 84' lang='lat' dir='ltr'><strong>justitia</strong></span> <span class='ocrx_word' id='word_1_121' title='bbox 606 1819 643 1860; x_wconf 89' lang='lat' dir='ltr'><strong>ac</strong></span> <span class='ocrx_word' id='word_1_122' title='bbox 665 1797 847 1884; x_wconf 84' lang='lat' dir='ltr'><strong>integritate</strong></span> <span class='ocrx_word' id='word_1_123' title='bbox 866 1802 984 1887; x_wconf 87' lang='lat' dir='ltr'><strong>spolia·</strong></span> 
     </span>
     <span class='ocr_line' id='line_1_20' title="bbox 100 1882 983 1970; baseline 0.007 -26"><span class='ocrx_word' id='word_1_124' title='bbox 100 1882 142 1954; x_wconf 74' lang='lat' dir='ltr'><strong>boe,</strong></span> <span class='ocrx_word' id='word_1_125' title='bbox 158 1893 186 1945; x_wconf 90' lang='lat' dir='ltr'><strong>et</strong></span> <span class='ocrx_word' id='word_1_126' title='bbox 206 1884 247 1947; x_wconf 86' lang='lat' dir='ltr'><strong>ad</strong></span> <span class='ocrx_word' id='word_1_127' title='bbox 271 1883 393 1946; x_wconf 89' lang='lat' dir='ltr'><strong>malurn</strong></span> <span class='ocrx_word' id='word_1_128' title='bbox 410 1906 547 1967; x_wconf 90' lang='lat' dir='ltr'><strong>pronae,</strong></span> <span class='ocrx_word' id='word_1_129' title='bbox 569 1882 771 1967; x_wconf 84' lang='lat' dir='ltr'><strong>depravatio,</strong></span> <span class='ocrx_word' id='word_1_130' title='bbox 794 1907 854 1970; x_wconf 91' lang='lat' dir='ltr'><strong>per</strong></span> <span class='ocrx_word' id='word_1_131' title='bbox 874 1908 983 1950; x_wconf 88' lang='lat' dir='ltr'><strong>carna-</strong></span> 
     </span>
     <span class='ocr_line' id='line_1_21' title="bbox 99 1954 982 2052; baseline 0.01 -26"><span class='ocrx_word' id='word_1_132' title='bbox 99 1954 142 2026; x_wconf 76' lang='lat' dir='ltr'><strong>lou</strong></span> <span class='ocrx_word' id='word_1_133' title='bbox 158 1967 393 2052; x_wconf 84' lang='lat' dir='ltr'><strong>generationem</strong></span> <span class='ocrx_word' id='word_1_134' title='bbox 421 1969 462 2032; x_wconf 85' lang='lat' dir='ltr'><strong>ab</strong></span> <span class='ocrx_word' id='word_1_135' title='bbox 484 1969 612 2031; x_wconf 88' lang='lat' dir='ltr'><strong>Adamo</strong></span> <span class='ocrx_word' id='word_1_136' title='bbox 642 1967 675 2030; x_wconf 93' lang='lat' dir='ltr'><strong>in</strong></span> <span class='ocrx_word' id='word_1_137' title='bbox 702 1991 811 2032; x_wconf 84' lang='lat' dir='ltr'><strong>omnes</strong></span> <span class='ocrx_word' id='word_1_138' title='bbox 837 1969 982 2035; x_wconf 82' lang='lat' dir='ltr'><strong>homines</strong></span> 
     </span>
     <span class='ocr_line' id='line_1_22' title="bbox 98 2053 983 2139; baseline 0.01 -29"><span class='ocrx_word' id='word_1_139' title='bbox 98 2062 138 2126; x_wconf 84' lang='lat' dir='ltr'><strong>pro</strong></span> <span class='ocrx_word' id='word_1_140' title='bbox 174 2064 260 2129; x_wconf 77' lang='lat' dir='ltr'><strong>unta,</strong></span> <span class='ocrx_word' id='word_1_141' title='bbox 294 2053 524 2139; x_wconf 83' lang='lat' dir='ltr'><strong>temporalibus</strong></span> <span class='ocrx_word' id='word_1_142' title='bbox 546 2062 578 2114; x_wconf 90' lang='lat' dir='ltr'><strong>et</strong></span> <span class='ocrx_word' id='word_1_143' title='bbox 613 2053 749 2116; x_wconf 85' lang='lat' dir='ltr'><strong>aeternis</strong></span> <span class='ocrx_word' id='word_1_144' title='bbox 780 2055 892 2138; x_wconf 86' lang='lat' dir='ltr'><strong>poenis</strong></span> <span class='ocrx_word' id='word_1_145' title='bbox 924 2057 983 2119; x_wconf 91' lang='lat' dir='ltr'><strong>ob-</strong></span> 
     </span>
     <span class='ocr_line' id='line_1_23' title="bbox 98 2137 981 2222; baseline 0.012 -28"><span class='ocrx_word' id='word_1_146' title='bbox 98 2148 183 2199; x_wconf 83' lang='lat' dir='ltr'><strong>uonos</strong></span> <span class='ocrx_word' id='word_1_147' title='bbox 208 2137 345 2202; x_wconf 83' lang='lat' dir='ltr'><strong>reddens</strong></span> <span class='ocrx_word' id='word_1_148' title='bbox 374 2159 445 2214; x_wconf 83' lang='lat' dir='ltr'><strong>eos,</strong></span> <span class='ocrx_word' id='word_1_149' title='bbox 474 2137 530 2222; x_wconf 91' lang='lat' dir='ltr'><strong>qui</strong></span> <span class='ocrx_word' id='word_1_150' title='bbox 554 2159 619 2200; x_wconf 90' lang='lat' dir='ltr'><strong>non</strong></span> <span class='ocrx_word' id='word_1_151' title='bbox 641 2137 799 2202; x_wconf 85' lang='lat' dir='ltr'><strong>advitam</strong></span> <span class='ocrx_word' id='word_1_152' title='bbox 820 2151 981 2205; x_wconf 87' lang='lat' dir='ltr'><strong>aeternam</strong></span> 
     </span>
     <span class='ocr_line' id='line_1_24' title="bbox 98 2218 703 2307; baseline -0.002 -22"><span class='ocrx_word' id='word_1_153' title='bbox 98 2218 304 2307; x_wconf 79' lang='lat' dir='ltr'><strong>perspiritum</strong></span> <span class='ocrx_word' id='word_1_154' title='bbox 325 2235 469 2287; x_wconf 85' lang='lat' dir='ltr'><strong>sanctum</strong></span> <span class='ocrx_word' id='word_1_155' title='bbox 487 2234 703 2287; x_wconf 84' lang='lat' dir='ltr'><strong>renascuntur.</strong></span> 
     </span>
    </p>
   </div>
   <div class='ocr_carea' id='block_1_6' title="bbox 86 2321 1088 3552">
    <p class='ocr_par' dir='ltr' id='par_1_6' title="bbox 113 2321 983 2395">
     <span class='ocr_line' id='line_1_25' title="bbox 113 2321 983 2395; baseline 0.008 -21"><span class='ocrx_word' id='word_1_156' title='bbox 113 2382 118 2395; x_wconf 31' lang='grc' dir='ltr'>ι</span> <span class='ocrx_word' id='word_1_157' title='bbox 146 2321 304 2385; x_wconf 81' lang='lat' dir='ltr'><strong>(Definitum</strong></span> <span class='ocrx_word' id='word_1_158' title='bbox 325 2321 371 2375; x_wconf 91' lang='lat' dir='ltr'><strong>hic</strong></span> <span class='ocrx_word' id='word_1_159' title='bbox 390 2327 433 2376; x_wconf 82' lang='lat' dir='ltr'><strong>est</strong></span> <span class='ocrx_word' id='word_1_160' title='bbox 450 2327 597 2392; x_wconf 88' lang='lat' dir='ltr'><strong>peccatum</strong></span> <span class='ocrx_word' id='word_1_161' title='bbox 618 2322 760 2393; x_wconf 88' lang='lat' dir='ltr'><strong>originale.</strong></span> <span class='ocrx_word' id='word_1_162' title='bbox 801 2325 912 2380; x_wconf 88' lang='lat' dir='ltr'><strong>Dicitur</strong></span> <span class='ocrx_word' id='word_1_163' title='bbox 929 2327 983 2381; x_wconf 91' lang='lat' dir='ltr'><strong>cri·</strong></span> 
     </span>
    </p>

    <p class='ocr_par' dir='ltr' id='par_1_7' title="bbox 97 2388 1022 2529">
     <span class='ocr_line' id='line_1_26' title="bbox 99 2388 1022 2465; baseline 0.009 -22"><span class='ocrx_word' id='word_1_164' title='bbox 99 2388 167 2451; x_wconf 64' lang='lat' dir='ltr'><strong>vualo</strong></span> <span class='ocrx_word' id='word_1_165' title='bbox 181 2407 238 2444; x_wconf 89' lang='lat' dir='ltr'><strong>non</strong></span> <span class='ocrx_word' id='word_1_166' title='bbox 255 2390 292 2444; x_wconf 90' lang='lat' dir='ltr'><strong>ab</strong></span> <span class='ocrx_word' id='word_1_167' title='bbox 314 2389 421 2462; x_wconf 87' lang='lat' dir='ltr'><strong>origine</strong></span> <span class='ocrx_word' id='word_1_168' title='bbox 441 2391 550 2456; x_wconf 89' lang='lat' dir='ltr'><strong>mundi,</strong></span> <span class='ocrx_word' id='word_1_169' title='bbox 574 2405 666 2460; x_wconf 91' lang='lat' dir='ltr'><strong>neque</strong></span> <span class='ocrx_word' id='word_1_170' title='bbox 690 2392 727 2446; x_wconf 86' lang='lat' dir='ltr'><strong>ab</strong></span> <span class='ocrx_word' id='word_1_171' title='bbox 751 2392 857 2465; x_wconf 89' lang='lat' dir='ltr'><strong>origine</strong></span> <span class='ocrx_word' id='word_1_172' title='bbox 873 2401 987 2451; x_wconf 87' lang='lat' dir='ltr'><strong>creatae</strong></span> <span class='ocrx_word' id='word_1_173' title='bbox 1019 2429 1022 2437; x_wconf 86' lang='lat'>·</span> 
     </span>
     <span class='ocr_line' id='line_1_27' title="bbox 97 2458 986 2529; baseline 0.007 -17"><span class='ocrx_word' id='word_1_174' title='bbox 97 2460 186 2512; x_wconf 61' lang='lat' dir='ltr'><strong>nobdurare</strong></span> <span class='ocrx_word' id='word_1_175' title='bbox 209 2458 348 2514; x_wconf 85' lang='lat' dir='ltr'><strong>humanae</strong></span> <span class='ocrx_word' id='word_1_176' title='bbox 373 2463 528 2529; x_wconf 89' lang='lat' dir='ltr'><strong>(peccatum</strong></span> <span class='ocrx_word' id='word_1_177' title='bbox 551 2459 623 2513; x_wconf 89' lang='lat' dir='ltr'><strong>enim</strong></span> <span class='ocrx_word' id='word_1_178' title='bbox 648 2460 683 2513; x_wconf 92' lang='lat' dir='ltr'><strong>ab</strong></span> <span class='ocrx_word' id='word_1_179' title='bbox 714 2460 792 2515; x_wconf 88' lang='lat' dir='ltr'><strong>initio</strong></span> <span class='ocrx_word' id='word_1_180' title='bbox 812 2464 908 2517; x_wconf 91' lang='lat' dir='ltr'><strong>mundi</strong></span> <span class='ocrx_word' id='word_1_181' title='bbox 927 2481 986 2518; x_wconf 90' lang='lat' dir='ltr'><strong>non</strong></span> 
     </span>
    </p>

    <p class='ocr_par' dir='ltr' id='par_1_8' title="bbox 97 2515 981 2602">
     <span class='ocr_line' id='line_1_28' title="bbox 97 2515 981 2602; baseline 0.01 -26"><span class='ocrx_word' id='word_1_182' title='bbox 97 2515 133 2576; x_wconf 76' lang='lat' dir='ltr'><strong>frio</strong></span> <span class='ocrx_word' id='word_1_183' title='bbox 145 2525 171 2579; x_wconf 94' lang='lat' dir='ltr'><strong>in</strong></span> <span class='ocrx_word' id='word_1_184' title='bbox 188 2527 307 2595; x_wconf 88' lang='lat' dir='ltr'><strong>homine,</strong></span> <span class='ocrx_word' id='word_1_185' title='bbox 325 2528 440 2581; x_wconf 83' lang='lat' dir='ltr'><strong>intrarit</strong></span> <span class='ocrx_word' id='word_1_186' title='bbox 457 2527 531 2582; x_wconf 86' lang='lat' dir='ltr'><strong>enim</strong></span> <span class='ocrx_word' id='word_1_187' title='bbox 549 2526 578 2581; x_wconf 90' lang='lat' dir='ltr'><strong>in</strong></span> <span class='ocrx_word' id='word_1_188' title='bbox 599 2529 741 2597; x_wconf 88' lang='lat' dir='ltr'><strong>mundum,</strong></span> <span class='ocrx_word' id='word_1_189' title='bbox 759 2532 840 2583; x_wconf 83' lang='lat' dir='ltr'><strong>Rom.</strong></span> <span class='ocrx_word' id='word_1_190' title='bbox 854 2536 879 2599; x_wconf 77' lang='lat'><strong>5,</strong></span> <span class='ocrx_word' id='word_1_191' title='bbox 901 2537 942 2588; x_wconf 84' lang='grc'><strong>12.</strong></span> <span class='ocrx_word' id='word_1_192' title='bbox 944 2535 961 2600; x_wconf 92' lang='lat'><em>)</em></span> <span class='ocrx_word' id='word_1_193' title='bbox 969 2555 981 2602; x_wconf 86' lang='lat'><strong>,-</strong></span> 
     </span>
    </p>

    <p class='ocr_par' dir='ltr' id='par_1_9' title="bbox 86 2590 1073 3215">
     <span class='ocr_line' id='line_1_29' title="bbox 95 2590 978 2669; baseline 0.006 -20"><span class='ocrx_word' id='word_1_194' title='bbox 95 2590 129 2643; x_wconf 55' lang='lat' dir='ltr'><strong>ab</strong></span> <span class='ocrx_word' id='word_1_195' title='bbox 148 2601 168 2649; x_wconf 91' lang='lat' dir='ltr'><strong>l.</strong></span> <span class='ocrx_word' id='word_1_196' title='bbox 191 2604 319 2666; x_wconf 80' lang='lat' dir='ltr'><strong>respectu</strong></span> <span class='ocrx_word' id='word_1_197' title='bbox 341 2596 451 2651; x_wconf 88' lang='lat' dir='ltr'><strong>termini</strong></span> <span class='ocrx_word' id='word_1_198' title='bbox 474 2613 492 2650; x_wconf 89' lang='lat' dir='ltr'><strong>a</strong></span> <span class='ocrx_word' id='word_1_199' title='bbox 509 2614 564 2667; x_wconf 91' lang='lat' dir='ltr'><strong>quo</strong></span> <span class='ocrx_word' id='word_1_200' title='bbox 582 2597 740 2663; x_wconf 88' lang='lat' dir='ltr'><strong>remotiore,</strong></span> <span class='ocrx_word' id='word_1_201' title='bbox 766 2615 829 2652; x_wconf 91' lang='lat' dir='ltr'><strong>nem</strong></span> <span class='ocrx_word' id='word_1_202' title='bbox 851 2600 978 2669; x_wconf 84' lang='lat' dir='ltr'><strong>elapsus</strong></span> 
     </span>
     <span class='ocr_line' id='line_1_30' title="bbox 95 2617 986 2738; baseline 0.007 -22"><span class='ocrx_word' id='word_1_203' title='bbox 95 2655 198 2718; x_wconf 73' lang='lat' dir='ltr'><strong>domici</strong></span> <span class='ocrx_word' id='word_1_204' title='bbox 217 2671 348 2734; x_wconf 89' lang='lat' dir='ltr'><strong>tempore.</strong></span> <span class='ocrx_word' id='word_1_205' title='bbox 384 2670 408 2719; x_wconf 81' lang='lat'><strong>2.</strong></span> <span class='ocrx_word' id='word_1_206' title='bbox 425 2664 633 2735; x_wconf 85' lang='lat' dir='ltr'><strong>Propinquiori,</strong></span> <span class='ocrx_word' id='word_1_207' title='bbox 657 2665 785 2720; x_wconf 89' lang='lat' dir='ltr'><strong>nimirum</strong></span> <span class='ocrx_word' id='word_1_208' title='bbox 810 2617 849 2723; x_wconf 73' lang='lat' dir='ltr'><strong>ab</strong></span> <span class='ocrx_word' id='word_1_209' title='bbox 873 2669 986 2738; x_wconf 85' lang='lat' dir='ltr'><strong>origine</strong></span> 
     </span>
     <span class='ocr_line' id='line_1_31' title="bbox 95 2720 981 2804; baseline 0.009 -21"><span class='ocrx_word' id='word_1_210' title='bbox 95 2720 199 2800; x_wconf 76' lang='lat' dir='ltr'><strong>boniniu,</strong></span> <span class='ocrx_word' id='word_1_211' title='bbox 219 2733 269 2804; x_wconf 89' lang='lat' dir='ltr'><strong>qui</strong></span> <span class='ocrx_word' id='word_1_212' title='bbox 290 2750 323 2787; x_wconf 88' lang='lat' dir='ltr'><strong>ex</strong></span> <span class='ocrx_word' id='word_1_213' title='bbox 340 2733 483 2787; x_wconf 90' lang='lat' dir='ltr'><strong>immundo</strong></span> <span class='ocrx_word' id='word_1_214' title='bbox 501 2735 606 2788; x_wconf 82' lang='lat' dir='ltr'><strong>semine</strong></span> <span class='ocrx_word' id='word_1_215' title='bbox 623 2734 789 2804; x_wconf 89' lang='lat' dir='ltr'><strong>concipitur,</strong></span> <span class='ocrx_word' id='word_1_216' title='bbox 807 2738 874 2789; x_wconf 67' lang='grc' dir='ltr'><strong>ιΙοΙι.</strong></span> <span class='ocrx_word' id='word_1_217' title='bbox 895 2741 937 2803; x_wconf 70' lang='grc'><strong>14,</strong></span> <span class='ocrx_word' id='word_1_218' title='bbox 956 2741 981 2792; x_wconf 78' lang='grc'><strong>4.</strong></span> 
     </span>
     <span class='ocr_line' id='line_1_32' title="bbox 93 2795 1073 2876; baseline 0.01 -27"><span class='ocrx_word' id='word_1_219' title='bbox 93 2795 220 2875; x_wconf 58' lang='lat' dir='ltr'><strong>domnia.</strong></span> <span class='ocrx_word' id='word_1_220' title='bbox 238 2802 256 2855; x_wconf 92' lang='lat' dir='ltr'><strong>l.</strong></span> <span class='ocrx_word' id='word_1_221' title='bbox 277 2807 300 2856; x_wconf 82' lang='lat'><strong>2.</strong></span> <span class='ocrx_word' id='word_1_222' title='bbox 317 2808 429 2856; x_wconf 87' lang='lat' dir='ltr'><strong>retract.</strong></span> <span class='ocrx_word' id='word_1_223' title='bbox 447 2819 470 2855; x_wconf 93' lang='lat' dir='ltr'><strong>c.</strong></span> <span class='ocrx_word' id='word_1_224' title='bbox 491 2808 533 2859; x_wconf 79' lang='grc'><strong>62.</strong></span> <span class='ocrx_word' id='word_1_225' title='bbox 551 2809 569 2855; x_wconf 87' lang='lat' dir='ltr'><strong>t.</strong></span> <span class='ocrx_word' id='word_1_226' title='bbox 586 2810 605 2856; x_wconf 91' lang='lat' dir='ltr'><strong>l.</strong></span> <span class='ocrx_word' id='word_1_227' title='bbox 622 2803 673 2856; x_wconf 91' lang='lat' dir='ltr'><strong>col.</strong></span> <span class='ocrx_word' id='word_1_228' title='bbox 693 2812 734 2858; x_wconf 81' lang='grc'><strong>60.</strong></span> <span class='ocrx_word' id='word_1_229' title='bbox 751 2804 783 2857; x_wconf 90' lang='grc' dir='ltr'><strong>Β.</strong></span> <span class='ocrx_word' id='word_1_230' title='bbox 804 2805 910 2875; x_wconf 78' lang='lat' dir='ltr'><strong>primus</strong></span> <span class='ocrx_word' id='word_1_231' title='bbox 928 2805 981 2858; x_wconf 92' lang='lat' dir='ltr'><strong>ori-</strong></span> <span class='ocrx_word' id='word_1_232' title='bbox 1062 2855 1073 2876; x_wconf 82' lang='grc'>,</span> 
     </span>
     <span class='ocr_line' id='line_1_33' title="bbox 93 2868 980 2944; baseline 0.006 -22"><span class='ocrx_word' id='word_1_233' title='bbox 93 2868 165 2933; x_wconf 65' lang='lat' dir='ltr'><strong>nuile</strong></span> <span class='ocrx_word' id='word_1_234' title='bbox 186 2871 244 2924; x_wconf 84' lang='lat' dir='ltr'><strong>sive</strong></span> <span class='ocrx_word' id='word_1_235' title='bbox 269 2871 386 2941; x_wconf 83' lang='lat' dir='ltr'><strong>originis</strong></span> <span class='ocrx_word' id='word_1_236' title='bbox 405 2871 571 2939; x_wconf 70' lang='lat' dir='ltr'><strong>nominavit,</strong></span> <span class='ocrx_word' id='word_1_237' title='bbox 598 2872 646 2925; x_wconf 82' lang='lat' dir='ltr'><strong>alii</strong></span> <span class='ocrx_word' id='word_1_238' title='bbox 664 2873 792 2926; x_wconf 89' lang='lat' dir='ltr'><strong>naturale</strong></span> <span class='ocrx_word' id='word_1_239' title='bbox 812 2875 980 2944; x_wconf 86' lang='lat' dir='ltr'><strong>contagium,</strong></span> 
     </span>
     <span class='ocr_line' id='line_1_34' title="bbox 91 2939 982 3009; baseline 0.006 -18"><span class='ocrx_word' id='word_1_240' title='bbox 91 2939 196 2992; x_wconf 71' lang='lat' dir='ltr'><strong>natale</strong></span> <span class='ocrx_word' id='word_1_241' title='bbox 213 2945 373 3009; x_wconf 88' lang='lat' dir='ltr'><strong>peccatum,</strong></span> <span class='ocrx_word' id='word_1_242' title='bbox 391 2940 491 2993; x_wconf 84' lang='lat' dir='ltr'><strong>vitium</strong></span> <span class='ocrx_word' id='word_1_243' title='bbox 510 2946 639 3009; x_wconf 88' lang='lat' dir='ltr'><strong>naturae,</strong></span> <span class='ocrx_word' id='word_1_244' title='bbox 664 2957 697 2994; x_wconf 86' lang='lat' dir='ltr'><strong>ex</strong></span> <span class='ocrx_word' id='word_1_245' title='bbox 716 2942 820 3009; x_wconf 79' lang='lat' dir='ltr'><strong>preo.</strong></span> <span class='ocrx_word' id='word_1_246' title='bbox 841 2945 868 3005; x_wconf 87' lang='lat'><strong>2,</strong></span> <span class='ocrx_word' id='word_1_247' title='bbox 887 2947 914 2996; x_wconf 82' lang='lat'><strong>3.</strong></span> <span class='ocrx_word' id='word_1_248' title='bbox 934 2959 982 2996; x_wconf 89' lang='lat' dir='ltr'><strong>no-</strong></span> 
     </span>
     <span class='ocr_line' id='line_1_35' title="bbox 89 3002 986 3077; baseline 0.004 -17"><span class='ocrx_word' id='word_1_249' title='bbox 89 3002 184 3061; x_wconf 79' lang='lat' dir='ltr'><strong>uinmt.</strong></span> <span class='ocrx_word' id='word_1_250' title='bbox 219 3009 362 3060; x_wconf 79' lang='lat' dir='ltr'><strong>Naturale</strong></span> <span class='ocrx_word' id='word_1_251' title='bbox 381 3014 476 3063; x_wconf 86' lang='lat' dir='ltr'><strong>autem</strong></span> <span class='ocrx_word' id='word_1_252' title='bbox 501 3009 619 3075; x_wconf 82' lang='lat' dir='ltr'><strong>dicitur,</strong></span> <span class='ocrx_word' id='word_1_253' title='bbox 646 3027 702 3062; x_wconf 85' lang='lat' dir='ltr'><strong>aon</strong></span> <span class='ocrx_word' id='word_1_254' title='bbox 720 3010 788 3077; x_wconf 78' lang='lat' dir='ltr'><strong>qaia</strong></span> <span class='ocrx_word' id='word_1_255' title='bbox 806 3010 844 3062; x_wconf 84' lang='lat' dir='ltr'><strong>oo&#39;t</strong></span> <span class='ocrx_word' id='word_1_256' title='bbox 859 3018 986 3064; x_wconf 81' lang='lat' dir='ltr'><strong>naturae·</strong></span> 
     </span>
     <span class='ocr_line' id='line_1_36' title="bbox 87 3076 982 3146; baseline 0.009 -21"><span class='ocrx_word' id='word_1_257' title='bbox 87 3076 172 3128; x_wconf 86' lang='lat' dir='ltr'><strong>uDeo</strong></span> <span class='ocrx_word' id='word_1_258' title='bbox 194 3077 294 3146; x_wconf 81' lang='lat' dir='ltr'><strong>opifica</strong></span> <span class='ocrx_word' id='word_1_259' title='bbox 313 3078 502 3145; x_wconf 72' lang='lat' dir='ltr'><strong>congenitam,</strong></span> <span class='ocrx_word' id='word_1_260' title='bbox 525 3079 579 3130; x_wconf 83' lang='lat' dir='ltr'><strong>aad</strong></span> <span class='ocrx_word' id='word_1_261' title='bbox 596 3080 673 3146; x_wconf 81' lang='lat' dir='ltr'><strong>qaod</strong></span> <span class='ocrx_word' id='word_1_262' title='bbox 691 3096 709 3130; x_wconf 93' lang='lat' dir='ltr'><strong>a</strong></span> <span class='ocrx_word' id='word_1_263' title='bbox 722 3086 860 3145; x_wconf 77' lang='lat' dir='ltr'><strong>peccante</strong></span> <span class='ocrx_word' id='word_1_264' title='bbox 877 3088 982 3133; x_wconf 81' lang='lat' dir='ltr'><strong>catara</strong></span> 
     </span>
     <span class='ocr_line' id='line_1_37' title="bbox 86 3144 982 3215; baseline 0.009 -22"><span class='ocrx_word' id='word_1_265' title='bbox 86 3144 217 3198; x_wconf 58' lang='lat' dir='ltr'><strong>baruntio</strong></span> <span class='ocrx_word' id='word_1_266' title='bbox 234 3147 265 3198; x_wconf 85' lang='lat' dir='ltr'><strong>ia</strong></span> <span class='ocrx_word' id='word_1_267' title='bbox 280 3147 466 3213; x_wconf 78' lang='lat' dir='ltr'><strong>peccatricem</strong></span> <span class='ocrx_word' id='word_1_268' title='bbox 484 3154 631 3213; x_wconf 80' lang='lat' dir='ltr'><strong>nataram,</strong></span> <span class='ocrx_word' id='word_1_269' title='bbox 651 3147 685 3199; x_wconf 77' lang='lat' dir='ltr'><strong>ia</strong></span> <span class='ocrx_word' id='word_1_270' title='bbox 704 3154 759 3208; x_wconf 82' lang='lat' dir='ltr'><strong>eet,</strong></span> <span class='ocrx_word' id='word_1_271' title='bbox 784 3150 861 3215; x_wconf 71' lang='lat' dir='ltr'><strong>qnod</strong></span> <span class='ocrx_word' id='word_1_272' title='bbox 877 3149 914 3201; x_wconf 81' lang='lat' dir='ltr'><strong>ait</strong></span> <span class='ocrx_word' id='word_1_273' title='bbox 931 3167 982 3202; x_wconf 87' lang='lat' dir='ltr'><strong>aa·</strong></span> 
     </span>
    </p>

    <p class='ocr_par' dir='ltr' id='par_1_10' title="bbox 86 3215 1088 3552">
     <span class='ocr_line' id='line_1_38' title="bbox 86 3215 982 3284; baseline 0.008 -18"><span class='ocrx_word' id='word_1_274' title='bbox 86 3216 150 3266; x_wconf 74' lang='lat' dir='ltr'><strong>lurae</strong></span> <span class='ocrx_word' id='word_1_275' title='bbox 166 3215 312 3283; x_wconf 77' lang='lat' dir='ltr'><strong>peccantia</strong></span> <span class='ocrx_word' id='word_1_276' title='bbox 335 3215 445 3283; x_wconf 81' lang='lat' dir='ltr'><strong>vitium,</strong></span> <span class='ocrx_word' id='word_1_277' title='bbox 471 3233 527 3268; x_wconf 85' lang='lat' dir='ltr'><strong>noa</strong></span> <span class='ocrx_word' id='word_1_278' title='bbox 550 3216 617 3283; x_wconf 78' lang='lat' dir='ltr'><strong>ipra</strong></span> <span class='ocrx_word' id='word_1_279' title='bbox 638 3222 753 3281; x_wconf 80' lang='lat' dir='ltr'><strong>natura,</strong></span> <span class='ocrx_word' id='word_1_280' title='bbox 778 3216 898 3284; x_wconf 67' lang='lat' dir='ltr'><strong>Augeat.</strong></span> <span class='ocrx_word' id='word_1_281' title='bbox 920 3217 938 3271; x_wconf 93' lang='lat' dir='ltr'><strong>l.</strong></span> <span class='ocrx_word' id='word_1_282' title='bbox 957 3224 982 3273; x_wconf 78' lang='grc'><strong>4.</strong></span> 
     </span>
     <span class='ocr_line' id='line_1_39' title="bbox 86 3281 1088 3552; baseline 0.008 -218"><span class='ocrx_word' id='word_1_283' title='bbox 86 3299 189 3354; x_wconf 80' lang='lat' dir='ltr'><strong>uypogn.</strong></span> <span class='ocrx_word' id='word_1_284' title='bbox 208 3288 228 3336; x_wconf 93' lang='lat' dir='ltr'><strong>t.</strong></span> <span class='ocrx_word' id='word_1_285' title='bbox 241 3288 265 3339; x_wconf 77' lang='grc'><strong>7.</strong></span> <span class='ocrx_word' id='word_1_286' title='bbox 284 3283 336 3339; x_wconf 91' lang='lat' dir='ltr'><strong>col.</strong></span> <span class='ocrx_word' id='word_1_287' title='bbox 353 3288 426 3338; x_wconf 81' lang='lat'><strong>1³89.</strong></span> <span class='ocrx_word' id='word_1_288' title='bbox 439 3282 475 3337; x_wconf 80' lang='lat' dir='ltr'><strong>A.</strong></span> <span class='ocrx_word' id='word_1_289' title='bbox 515 3281 682 3338; x_wconf 79' lang='lat' dir='ltr'><strong>Germanice</strong></span> <span class='ocrx_word' id='word_1_290' title='bbox 703 3282 804 3337; x_wconf 90' lang='lat' dir='ltr'><strong>dicitur</strong></span> <span class='ocrx_word' id='word_1_291' title='bbox 826 3285 988 3356; x_wconf 77' lang='lat' dir='ltr'><strong>Erbeiinde,</strong></span> <span class='ocrx_word' id='word_1_292' title='bbox 1031 3304 1088 3552; x_wconf 59' lang='grc'>1</span> 
     </span>
    </p>
   </div>
   <div class='ocr_carea' id='block_1_7' title="bbox 0 0 1130 3772">
    <p class='ocr_par' dir='ltr' id='par_1_11' title="bbox 0 0 1130 3772">
     <span class='ocr_line' id='line_1_40' title="bbox 0 0 1130 3772; baseline 0 7"><span class='ocrx_word' id='word_1_293' title='bbox 0 0 1130 3772; x_wconf 95' lang='lat' dir='ltr'><strong> </strong></span> 
     </span>
    </p>
   </div>
  </div>
 </body>
</html>
