2250 3772
84 245 125 311 12
424 245 476 310 De
498 266 524 311 s.
546 255 655 310 sancta

84 413 158 485 palis
176 418 218 467 est
237 412 356 483 Spiritus
375 419 496 468 sanctus.
534 415 594 468 Nec
617 415 707 468 obstat
725 418 747 466 t.
770 413 844 483 quod
860 410 997 467 haeretici

90 482 225 537 ecclesiae
243 483 391 537 autoritate
406 488 434 537 01
450 483 598 537 traditione
608 482 780 549 refelluntur,
798 498 861 535 cum
873 480 910 537 (10
926 479 998 536 h'hro

87 551 220 606 canonico
241 550 378 605 dubitant.
414 552 495 604 Idem
513 551 579 606 ibid.
598 552 616 605 l.
638 558 661 604 1.
679 569 702 606 c.
718 557 742 605 6.
763 557 828 604 sect.
849 558 872 606 1.
914 556 1005 607 ,401-

86 620 158 674 Inde
177 619 249 674 enim
267 620 328 688 pari
347 620 461 675 elencho
484 620 616 689 infertur,
640 620 672 675 Ε,
691 621 728 674 ad
747 619 834 673 solam
854 570 999 677 0011001010

87 688 208 759 pertinet
233 689 392 758 Scripturas
420 706 554 744 canonem
582 689 753 760 consignare.
797 688 876 752 Quae
904 704 999 745 consc-

87 757 222 828 quentia?
249 755 345 811 ’Ἀθεοι
359 759 450 812 Deum
461 765 596 830 negantes
608 757 741 813 ecclesiae
754 757 912 828 autoritate,
926 773 999 831 quas

88 842 195 895 semper
213 826 304 880 Deum
322 845 409 885 uuum
434 844 493 882 esse
511 834 667 883 contestata
686 833 741 896 est,
758 826 932 881 refelluntur.
965 824 999 880 E.

86 894 193 948 nullum
220 895 296 949 aliud
322 903 516 967 argumentum
544 903 599 966 est,
628 896 702 950 unde
727 896 845 950 convelli
870 894 1000 966 possint?

87 963 179 1019 Nulla.
216 964 283 1034 Ipsa
300 963 449 1034 Scriptura,
467 966 522 1019 imo
540 965 617 1036 ipsae
635 971 778 1019 creaturae
799 965 922 1018 clamant
939 980 1000 1021 esse

87 1032 178 1085 Deum
197 1039 250 1088 etc.
286 1033 368 1096 Quod
391 1040 585 1105 argumentum
604 1035 726 1088 omnium
745 1034 929 1088 certissimum
947 1040 997 1091 ost

87 1099 166 1163 Quae
188 1102 405 1172 consequentia?
451 1103 612 1174 Philosophi
638 1103 694 1157 suis
715 1102 886 1173 argumentis
909 1100 1000 1162 refelli

87 1175 220 1238 possunt,
241 1176 363 1224 nostram
388 1171 551 1244 religionem
572 1188 632 1227 esse
655 1188 757 1227 veram.
796 1172 828 1225 E.
846 1172 926 1227 nulla
943 1176 1000 1230 ulia

88 1244 254 1308 argumenta
278 1247 342 1294 sunt
365 1248 476 1311 praeter
500 1241 747 1312 philosophorum?
784 1240 938 1313 Palpabilis
951 1244 999 1299 hic

88 1308 208 1360 occurrit
223 1308 328 1365 elench.
349 1326 423 1364 caus.
443 1309 546 1367 solitar.
566 1317 596 1366 et
613 1314 830 1379 concausumm.)

89 1443 138 1508 12.
174 1444 290 1509 Annon
321 1469 392 1509 vero
416 1460 544 1531 practer
575 1462 765 1513 eurrmeratos
797 1451 873 1513 13101
903 1451 1000 1516 libros

187 1532 348 1594 0011001001
371 1535 563 1597 continentur
583 1537 674 1598 0110111
696 1536 754 1597 atii
773 1535 847 1598 111111
866 1537 900 1598 iu

384 1618 565 1700 Scripturas
586 1618 708 1684 001110οἲ2

174 1731 385 1798 Continentur
407 1736 526 1822 utique,
548 1735 604 1821 qui
625 1736 755 1822 vulgato
777 1734 1000 1821 110111111οα110-

89 1821 198 1906 119011
219 1820 428 1905 appellantur.

226 1959 274 2025 13.
315 1956 377 2035 Qut
396 1980 466 2021 uero
488 1971 558 2022 suut
581 1958 654 2021 libri
673 1954 865 2043 apocryphi?

176 2074 259 2141 Sunt
280 2077 343 2154 isti,
364 2077 404 2141 dc
426 2099 561 2159 quorum
582 2077 632 2141 vel
647 2076 821 2152 autoribus,
842 2076 1001 2140 10101110-

89 2157 181 2223 ritate
202 2160 236 2224 in
258 2161 391 2225 ecclesia
412 2161 475 2225 Dei
498 2162 575 2226 olim
596 2162 656 2225 fuit
677 2161 865 2227 dubitatum.
903 2160 1000 2225 Ideo·

90 2267 152 2327 que
174 2268 277 2328 neque
300 2247 340 2309 ad
359 2246 594 2322 constituenda,
615 2268 720 2330 noque
741 2245 922 2330 probanda,
943 2268 1000 2310 ne-

89 2351 152 2477 gue
173 2329 377 2412 dijudicanda
397 2330 473 2394 fidei
493 2332 659 2417 dogmata,
688 2330 815 2415 publice
842 2331 1001 2415 produce·

112 2423 213 2480 untur.

158 2538 327 2609 (Descriptio
344 2541 456 2605 sumpta
473 2541 516 2590 cst
533 2551 550 2589 a
569 2533 713 2589 contrariis
732 2534 837 2593 causis,
863 2533 1000 2602 subjecto,

89 2612 222 2683 adjuncto
241 2615 269 2663 et
287 2607 349 2662 fine.
384 2604 460 2658 Dicti
480 2609 545 2658 sunt
563 2609 656 2657 autem
678 2602 831 2672 apocryphi
852 2601 888 2655 ab
907 2600 1000 2656 occul·

90 2681 176 2736 tando
195 2680 254 2731 sire
271 2674 481 2742 abscondendo,
505 2673 586 2744 quasi
609 2688 739 2738 arcanos,
765 2676 885 2725 secretos
903 2677 931 2724 ct
950 2670 999 2725 ab·

89 2747 230 2805 sconditos
250 2746 335 2808 dicas,
352 2744 419 2815 quia
436 2742 565 2814 publicae
583 2739 739 2795 autoritatis
755 2757 810 2794 non
831 2744 923 2794 arunt:
950 2755 999 2792 no·

88 2820 194 2874 tatione
218 2820 328 2936 sumpta
353 2830 371 2867 a
391 2811 565 2883 comparatis.
606 2807 807 2878 Ἀποκρύπνειν
828 2814 871 2862 est
890 2811 999 2890 tegere,

89 2886 236 2948 occultare,
253 2900 287 2937 ve
300 2899 354 2951 are,
372 2882 552 2952 supprimere,
569 2877 672 2933 abdera
685 2882 736 2932 etc.
748 2877 823 2931 unde
841 2874 1009 2947 dnoxpuusc

89 2954 245 3017 occultatio,
265 2951 430 3024 ἀπόκρυφος
444 2949 576 3012 occultus,
596 2961 721 3000 arcanus.
760 2945 1001 3025 Quemadmodum

90 3024 177 3096 igitur
196 3024 257 3086 ists,
274 3038 347 3093 quae
364 3036 467 3075 arcana
483 3022 556 3085 sunt,
575 3014 757 3076 occultantur,
776 3020 805 3070 01
821 3032 858 3069 ne
868 3031 897 3067 m
908 3013 1000 3084 publi·

89 3109 151 3147 cam
167 3093 258 3147 lucem
276 3092 427 3162 prodeunt,
449 3085 670 3141 abscondunturt
694 3083 735 3137 ita
751 3090 780 3137 01
795 3083 866 3137 hacc
883 3098 1000 3152 apocry-

88 3160 147 3233 pha
171 3160 286 3231 scripta,
311 3177 346 3214 ne
373 3156 502 3231 publicae
525 3150 682 3208 autoritatis
700 3151 811 3220 fiarent,
835 3151 1002 3206 abscondita

89 3229 170 3301 quasi
188 3235 216 3285 et
234 3229 344 3285 occulta
363 3228 394 3283 in
411 3222 528 3282 ecclesia
543 3222 629 3277 fuera.
659 3220 750 3293 quue
761 3220 826 3276 ideo
836 3219 882 3275 rel
897 3225 921 3276 1.
934 3220 1001 3291 quia

87 3299 200 3354 nomina
218 3297 388 3368 Scriptorum
407 3296 521 3349 istorum
542 3289 683 3357 latabant3
708 3289 754 3345 rel
772 3295 795 3344 2.
816 3288 881 3359 quia
897 3288 1001 3344 autori·
