2250 3772
105 217 168 283 126
344 216 454 300 Caput
474 215 500 278 I.
545 216 597 280 De
618 215 784 302 decalogo.

104 404 161 442 non
179 385 261 439 modo
280 402 336 439 non
355 383 498 439 commode
514 384 579 452 vivi,
597 384 700 440 sedne
718 384 775 438 vivi
793 382 904 455 quidem
917 377 983 458 potii

105 456 212 510 Bodia.
231 462 254 510 3.
271 453 348 524 polit.
369 470 429 523 cap.
448 458 473 507 8.
494 472 523 524 p.
542 460 600 509 561.
636 452 744 506 Harum
763 452 849 524 igitur
865 450 982 527 velutiul

77 584 80 589 ,
105 524 193 593 nistri,
212 522 302 594 bajuli
326 539 359 575 ao
378 523 464 593 pedes
489 529 553 576 sunt
571 522 771 593 negotiatores,
796 521 845 592 qui
862 529 983 576 necassent

104 594 171 664 ipsis
190 591 370 647 transferunt.
410 592 531 672 &epora
552 592 663 645 Thotos.
680 591 697 645 L
718 597 743 649 t.
761 591 796 646 de
820 588 925 661 republ.
939 588 983 643 ci

104 682 132 733 p.
144 668 210 717 221.
234 679 259 714 n.
277 665 301 714 2.
344 663 455 714 Errant
472 658 558 732 igitur
577 660 782 728 anabaptistae,
801 658 850 730 qui
862 658 983 713 annam

106 738 134 786 et
151 729 352 800 negotiationes
376 746 471 783 omnes
494 734 628 799 tanquam
645 729 766 782 Ictorum
792 739 820 784 et
842 728 944 798 philoso

104 818 167 853 rum
184 801 340 852 commenta
356 797 385 851 in
398 799 558 852 universum
571 814 649 852 exeo
663 798 810 861 damnant,
837 797 901 851 vide
953 804 983 845 tn

104 869 155 921 nit.
173 867 252 921 InC.
272 867 307 921 de
324 873 411 921 contr.
431 875 491 922 ci.
510 872 582 947 part.
600 872 624 921 2.
642 873 742 937 ρ.167,
780 866 837 921 uod
855 864 983 939 sintrip

104 943 167 991 tuta
187 935 311 1008 gentium
329 952 347 988 a
365 935 426 989 Deo
445 935 593 1006 prohibita,
611 938 696 991 Dcat.
711 938 751 1004 18,
761 885 790 990 i
827 942 851 989 2.
870 934 898 988 Δ
912 932 983 1001 nupto

105 1005 271 1060 coelestibus
288 1004 456 1074 impediant,
480 1004 585 1060 Metti.
605 1007 651 1071 22,
671 1008 696 1058 ὁ.
732 1002 906 1058 almericus
923 1008 983 1054 mu

105 1074 232 1143 exemplo
244 1072 389 1141 Sodomae,
403 1075 471 1128 Lac.
484 1077 526 1135 17,
542 1076 585 1137 28,
603 1072 672 1143 Tyri
686 1089 718 1127 ac
729 1072 849 1141 Sidonis,
867 1074 917 1125 Ee.
929 1065 983 1135 222

104 1143 287 1199 Peccatorum
307 1149 331 1197 4.
349 1142 519 1197 multuorum
536 1159 619 1210 ansa,
640 1141 697 1197 Sir.
717 1145 763 1210 29,
781 1144 824 1196 27.
861 1130 983 1210 spiritui

105 1220 131 1267 5.
152 1211 314 1273 fornicatio,
338 1212 458 1280 Apoeal,
477 1214 527 1279 18,
543 1216 571 1264 3.
607 1211 689 1274 Quod
708 1216 731 1265 6.
756 1215 879 1265 ementes
903 1215 931 1264 et
947 1216 983 1257 ro

107 1282 203 1336 dentes
222 1298 238 1335 e
255 1279 358 1349 templo
377 1280 472 1349 ejecti,
498 1280 603 1335 Maia.
623 1284 667 1348 21,
688 1284 731 1334 12.
768 1278 847 1342 Quae
868 1270 983 1331 omnialt

47 1376 51 1383 ·
106 1350 208 1404 borant
223 1350 315 1403 sallao.
335 1349 487 1402 secundum
506 1349 582 1419 quid,
601 1348 722 1428 itemque
740 1346 898 1401 accidentis.
930 1342 983 1399 oa

106 1417 403 1472 naturenimabusus
423 1418 539 1485 inillis,
566 1418 614 1488 qui
641 1418 769 1471 ultimum
785 1415 870 1470 finem
889 1414 983 1468 inlus

106 1487 291 1553 constituunt,
309 1503 365 1539 non
384 1504 451 1540 usus
471 1488 545 1556 ipse,
569 1485 663 1556 quiin
683 1503 713 1540 se
730 1484 820 1539 bonus
837 1491 888 1538 est.
921 1480 983 1537 Pus

104 1556 149 1610 bit
174 1555 254 1609 nobis
283 1556 343 1610 Da.
373 1554 523 1609 C'tzeznnitii
546 1554 658 1625 regula:
689 1556 732 1608 ita
764 1554 932 1607 exercendos
955 1560 983 1602 stt

106 1632 268 1679 contractas
284 1624 396 1692 civiles,
424 1633 455 1678 at
474 1624 663 1692 conspiciatur
681 1625 709 1675 ia
728 1623 790 1677 iilis
808 1612 983 1693 civilitatis)

105 1694 159 1746 ciis
171 1694 257 1759 fides,
277 1700 303 1743 ct
321 1703 483 1746 exerceatur
502 1693 626 1747 dilectio.
649 1692 743 1757 Fides,
759 1708 795 1745 ne
812 1707 869 1761 qua
880 1685 983 1744 conscio

106 1763 147 1815 tia
164 1761 318 1841 saucietur,
343 1760 464 1829 dilectio,
482 1779 517 1816 ne
536 1777 647 1831 quoquo
665 1761 747 1813 modo
759 1760 796 1812 im
836 1759 927 1817 sturia,
940 1755 983 1831 fn!

106 1830 197 1898 dibus,
216 1829 374 1899 praestigiis
392 1831 516 1900 proximo
534 1835 675 1883 noceatur.
710 1827 783 1884 Vide
818 1850 835 1885 ¹.
854 1826 886 1882 C.
903 1844 930 1897 p.
948 1830 983 1881 it

105 1908 234 1970 paupert.
253 1915 313 1968 cap.
332 1905 356 1956 5.
376 1918 403 1970 p.
424 1905 472 1956 tos
490 1904 559 1970 seq.)

104 2089 156 2155 56.
199 2089 323 2150 Dixisti
343 2090 375 2150 ia
397 2088 452 2149 lioc
475 2088 564 2149 etiam
589 2096 755 2168 praecepto
778 2108 889 2148 usurae
905 2078 983 2170 proi*

165 2174 239 2248 beri,
265 2193 379 2254 qaaere
399 2174 492 2254 ipitar
514 2193 638 2250 ecquam
661 2173 797 2233 cornices·
820 2168 964 2233 asmata?

193 2308 303 2372 Usura
325 2315 373 2369 est
394 2327 487 2368 omne
509 2305 642 2381 lucrum,
665 2304 751 2387 qnod
772 2304 983 2368 adebitoree

107 2406 238 2456 tenuato
258 2391 342 2453 ultra
364 2402 490 2466 sortem,
520 2402 642 2453 tantum
665 2390 707 2453 ob
731 2388 873 2453 officium
893 2398 983 2453 mutu

105 2476 202 2541 tionis
225 2475 364 2559 exigitur
385 2486 416 2538 et
441 2474 600 2560 recipitur.

179 2644 283 2713 (Usura
302 2644 337 2698 ab
356 2663 409 2698 usu
428 2660 528 2697 nomen
544 2641 638 2710 habet,
656 2646 751 2695 autore
768 2641 895 2695 Varrone
909 2643 929 2698 l.
943 2648 968 2699 4.

106 2715 175 2796 ling.
200 2713 276 2767 latin.
300 2732 329 2783 p.
346 2719 386 2768 30.
412 2713 554 2793 notatione
579 2707 853 2791 afine'eteffectis,
881 2710 982 2794 nimiru

105 2801 178 2908 itt
190 2789 491 2922 titttttmqtt
505 2778 983 2931 itt‚traditati-¹3,¹,

104 2920 200 2990 fectis,
224 2920 290 2992 quia
312 2919 421 2973 foetura
446 2918 584 2989 quaedam
609 2917 745 2996 pecuniae
768 2921 810 2970 est
832 2917 968 2986 parientis

105 2989 290 3045 increscentis.
325 2987 406 3042 Varr.
424 2988 442 3041 l.
460 2994 483 3041 3.
502 2985 579 3040 latin.
597 2985 663 3056 hug.
681 3003 708 3054 p.
730 2991 754 3040 2.
786 2984 850 3038 Sors
871 2992 914 3040 est
933 3004 983 3071 qu<

105 3058 164 3113 sive
183 3075 291 3111 summa
308 3056 453 3127 pecuniae,
471 3071 542 3125 quae
560 3054 643 3108 alicui
655 3059 750 3107 mutuo
768 3054 858 3117 datur,
876 3060 909 3108 ut
927 3064 983 3113 sia

106 3127 152 3181 cui
169 3134 266 3180 mutuo
287 3126 336 3180 des
360 3131 407 3180 100
425 3123 484 3178 flor.
504 3129 615 3178 centum
632 3122 729 3176 floreni
747 3128 812 3176 sunt
829 3140 896 3180 sors.
935 3126 983 3193 Qu

106 3195 175 3267 quid
194 3200 287 3249 autem
306 3194 380 3247 ultra
400 3199 428 3247 et
445 3199 556 3261 praeter
573 3191 635 3245 illos
653 3191 776 3247 debitore
796 3193 930 3263 exegeris,
949 3194 981 3251 ill

104 3280 186 3318 omne
204 3280 289 3318 usura
307 3261 366 3317 sive
384 3261 483 3316 foenus
500 3261 619 3329 dicitur.)
918 3292 920 3297 -
