2250 3772
107 226 174 292 574
276 221 384 310 Caput
404 225 446 290 V.
490 222 543 287 De
564 243 666 287 coena
686 222 858 293 dominica

108 392 166 447 lem
192 392 316 461 corporis
343 390 524 445 inclusionem
548 390 601 445 sub
644 406 698 444 ane
720 398 893 456 asserentes,
917 392 1003 465 absque

109 461 247 531 propudio
268 462 448 531 proclamant.
481 460 547 516 Vid
569 407 684 513 sadis.
707 460 743 515 de
761 477 880 517 sacram.
898 462 1006 518 manduc

109 548 138 601 p.
159 536 217 584 251.
233 535 262 583 et
282 530 376 586 Ursis.
396 528 495 598 explic.
514 528 619 582 catech.
642 546 670 598 p.
689 534 749 583 541.
769 536 820 585 567
841 548 899 602 seq.
931 530 1005 585 Incln·

113 599 219 652 sionem
231 598 347 653 localem
363 598 469 651 nullam
481 597 666 668 agnoscimus,
685 600 917 654 sacramentalem
931 604 1006 654 aum

109 668 249 736 unionem,
267 684 339 749 quae
357 666 489 733 illocalis,
509 665 637 720 coelestis
655 672 684 720 et
703 669 935 737 supernaturalis,
949 685 1006 723 sess

110 737 203 789 rimus.
239 738 292 789 Nsl
312 736 416 803 obstat,
441 735 516 805 quod
534 734 674 789 Lutherus
697 733 727 789 in
746 737 883 791 cantione
902 737 1007 792 euchari·

110 806 181 859 stica
197 821 298 874 corpus
316 812 374 858 tam
392 803 522 873 exiguum
540 804 569 856 in
586 820 660 873 pane
671 802 762 858 latere
777 805 885 859 dicitur
896 807 1006 863 scribere

51 914 60 931 .
108 873 264 953 verborgen
281 874 319 927 im
336 873 411 927 Brod
429 889 460 925 so
477 871 553 925 klein
570 880 621 927 etc.
656 872 780 935 Parcus,
801 874 820 927 l.
842 881 868 931 1.
889 876 923 930 de
936 874 1007 946 symb.

110 941 257 996 eucharist.
283 959 307 995 c.
327 946 350 995 0.
374 959 402 1010 p.
422 946 464 996 00.
504 940 556 995 Est
579 940 652 995 enim
674 947 697 995 l.
715 941 825 996 elench.
846 944 948 999 testim.
964 944 1007 996 In·

108 1011 203 1064 therus
231 1010 305 1065 enim
330 1026 387 1063 non
412 1010 482 1063 dicit
507 1025 607 1079 corpus
625 1007 728 1063 Christi
754 1016 815 1064 tam
841 1012 1008 1085 exiguumin

130 1095 182 1132 ane
202 1079 305 1145 latere,
323 1079 372 1133 sed
390 1079 419 1131 in
428 1094 500 1148 pane
514 1086 571 1131 tam
586 1078 687 1148 exiguo
700 1095 803 1149 corpus
814 1079 922 1136 Christi
932 1083 1007 1136 latere-

108 1097 146 1201 ht
171 1152 257 1202 recte:
285 1165 341 1200 nors
364 1149 437 1201 onim
461 1148 595 1201 sumimus
617 1148 751 1216 multum,
776 1152 832 1217 sed
854 1168 956 1220 parum
969 1158 1008 1202 etc.

109 1216 174 1273 vid.
188 1234 249 1287 sup.
272 1223 296 1271 i.
307 1216 422 1271 Elench.
432 1215 526 1286 phras.
537 1215 677 1270 Lutherus
695 1216 801 1287 accipit
818 1216 851 1271 τὸ
871 1220 1008 1289 verborgen

108 1303 165 1340 non
183 1285 347 1349 verbaliter,
370 1285 419 1338 sed
439 1284 649 1348 adverbialiter,
673 1285 806 1339 nimirum
829 1286 954 1358 loquitur
984 1300 1007 1339 ro

108 1355 245 1424 mysticae
270 1354 477 1408 sacramentalis
499 1354 611 1408 unionis
634 1353 755 1418 ratione,
781 1373 887 1426 nempe
922 1376 941 1411 u
984 1355 1007 1409 in

107 1424 248 1493 mysterio,
266 1423 348 1503 modo
362 1422 442 1503 nobis
461 1423 625 1504 abscondito
642 1427 670 1476 et
680 1422 771 1545 impleii
790 1375 942 1507 estigabili,
956 1442 1006 1480 oum

106 1491 451 1615 libertitatis&
474 1509 572 1614 llil
585 1492 748 1630 {ehtde
772 1499 1005 1635 tetigitte

107 1629 152 1689 ist.
170 1628 199 1681 in
216 1628 305 1683 cinam
322 1629 513 1700 verborgenen
525 1627 708 1683 Goheimniss.
736 1629 825 1684 Nulla
836 1631 885 1686 hic
904 1630 1004 1685 inclusio

107 1697 211 1752 localis.
248 1700 301 1751 Nil
320 1699 412 1750 obsim
438 1704 461 1753 2.
498 1697 554 1751 uod
572 1697 667 1751 hostiis
684 1699 788 1751 nostris
806 1698 903 1770 figura
920 1697 1005 1756 Christi

107 1766 231 1821 crucifixi
250 1767 384 1835 impressa
401 1774 450 1821 est.
504 1766 656 1821 arnoul
677 1782 704 1835 p.
720 1772 760 1820 60.
789 1767 833 1822 Ex
853 1786 890 1837 eo
903 1783 1004 1848 nemque

107 1836 319 1890 calumniatores
341 1836 428 1889 nostri
452 1851 502 1889 nos
521 1834 601 1905 parvi
620 1836 778 1904 corpusculi
797 1835 904 1893 Christi
926 1838 1004 1893 dehte

108 1905 313 1985 scentiamsub
326 1921 404 2025 {³³⁰9
422 1904 611 1984 superstitiose
629 1905 753 1984 credere,
774 1907 853 1975 turpi
871 1907 1004 1961 admodum

106 1972 1004 2113 illlliililltillliuils‘titlt,‘iliiit*

107 2112 243 2165 stitiosam
261 2110 416 2179 corpusculi
434 2110 537 2164 Christi
560 2110 779 2164 delitescendam
803 2114 946 2182 exprimen

106 2180 158 2233 Est
177 2180 263 2250 igitur
282 2179 389 2233 elench.
409 2195 466 2232 non
485 2196 585 2232 causae
603 2183 635 2231 ut
653 2195 760 2233 causae.
798 2182 877 2245 Quid
896 2179 1004 2254 quodin

125 2248 274 2301 uibusdam
303 2247 427 2301 ecclesiis
457 2247 626 2319 evangelicis
651 2248 758 2301 hostiae
790 2249 902 2321 absque
929 2251 1004 2321 figns

105 2267 209 2371 Christi
225 2315 349 2369 crucifixi
365 2316 497 2384 impressa
514 2317 543 2369 in
560 2334 613 2370 usu
630 2333 732 2370 coenae
749 2317 931 2374 adhibentur.
962 2315 1003 2372 Ns

106 2386 226 2455 denique
256 2386 346 2438 obstat
376 2391 399 2439 3.
430 2384 505 2455 quod
534 2386 563 2438 in
590 2385 781 2440 communione
808 2404 915 2443 coenae
944 2402 1004 2460 genu

105 2454 251 2510 flectimus.
284 2453 349 2509 Vid.
370 2455 474 2506 Boram
497 2453 604 2522 epistol.
630 2460 668 2508 12.
691 2454 745 2508 vol.
766 2462 791 2511 3.
816 2474 844 2526 p.
870 2464 928 2513 220.
963 2456 1003 2509 aa

104 2525 180 2580 enim
204 2523 334 2578 elenchus
355 2520 426 2576 finis.
464 2521 528 2577 Non
549 2522 686 2593 siquidem
705 2522 752 2591 fit,
778 2532 811 2580 ut
828 2524 1003 2581 Christumin

104 2610 178 2664 pane
201 2593 409 2647 delitescentem
431 2591 591 2660 adoremus,
619 2593 667 2646 sed
692 2593 855 2662 genuflexio
880 2597 948 2652 haec
968 2610 1002 2647 er·

104 2672 184 2717 terna
203 2667 245 2716 est
263 2658 429 2731 significatio
448 2660 572 2714 internae
589 2661 772 2729 adorationis,
799 2680 858 2734 qua
880 2664 1003 2719 Christum

104 2731 255 2785 Dominum
281 2739 310 2784 et
334 2736 459 2809 autorem
488 2728 586 2782 salutis
616 2735 726 2810 nocuae
754 2733 849 2811 omnia
879 2734 910 2787 in
938 2729 1003 2786 nobis

103 2806 265 2934 lilith?
278 2798 757 2931 it⁰it¹lll0ntss¹⁰0¹tllttti
771 2798 1002 2939 iiiiiillt

104 2939 144 2992 ita
161 2939 259 2999 otiam,
284 2944 316 2989 ut
333 2935 456 3006 loquitur
472 2937 601 2988 Amisos.
628 2935 645 2990 l.
666 2942 690 2990 i.
714 2936 750 2990 de
766 2937 857 3007 spirit
880 2939 907 2994 S.
930 2957 952 2993 c.
970 2942 1000 2992 ll.

104 3013 123 3061 t.
144 3014 166 3062 2.
192 3027 220 3077 p.
242 3012 298 3062 157.
322 3004 352 3057 in
375 3004 521 3085 mysteriis.
557 3004 604 3057 Ad
628 3020 730 3073 panem
753 3014 849 3061 autem
871 3014 901 3064 et
923 3009 1002 3063 mnnn

103 3076 292 3131 adorationem
310 3091 365 3128 non
384 3074 548 3144 dirigimus.)
613 3108 616 3113 -
