2250 3772
106 236 149 302 34
451 239 503 303 De
526 261 550 304 s.
572 251 682 306 sancta

192 407 252 473 VI.
268 407 467 473 Obscuriora
481 420 555 473 sunt
570 432 610 474 ex
625 410 813 476 clarioribus
823 411 1021 480 illustrando.

177 524 365 593 (demoratur,
382 525 474 596 inquit
490 527 641 594 depastio.
658 527 714 583 uib.
733 532 758 583 2.
778 528 813 584 de
829 529 903 587 doct.
925 531 1021 590 christ.

106 608 131 646 c.
158 598 182 648 9.
204 599 226 647 t.
252 599 275 648 3.
298 595 350 648 col.
374 600 415 650 26.
440 594 476 647 Α.
500 598 537 648 de
560 596 803 661 manifestioribus
827 600 971 668 exempla,
996 607 1021 654 et

106 664 247 730 quaedam
267 672 407 717 certorum
427 665 628 718 sententiarum
643 666 802 720 testimonio
819 668 1021 724 dubitationem

108 731 143 783 de
161 731 276 784 incertis
294 735 435 801 auferent.
471 732 536 787 Huc
553 732 660 789 faciunt
678 734 763 789 etiarn
774 735 920 790 doctorum
936 737 1021 794 inter·

106 800 276 922 pretationes
304 808 332 855 et
358 801 562 856 commentaria.
610 803 681 857 Sunt
710 820 830 875 namque
853 810 1021 879 χαρίσματα

127 868 227 938 piritus
245 869 334 924 sancti
353 871 436 924 varia.
476 870 550 926 Vide
569 875 593 926 1.
613 871 677 926 Cor.
696 875 741 937 12,
758 876 776 926 9
794 889 852 943 seq.

193 1006 271 1073 VII.
303 1005 463 1073 Pauciora
492 1007 668 1072 secundum
693 1009 788 1095 plura
816 1023 890 1075 sunt
918 1010 1021 1098 expli-

107 1090 229 1156 canda:
266 1113 307 1156 ex
337 1092 470 1157 Tertull.
503 1098 572 1158 odo.
605 1094 772 1160 Proteum.
804 1121 828 1164 o.
858 1097 911 1162 20.
950 1110 973 1167 t.
990 1099 1021 1163 3.

102 1201 138 1261 p.
164 1178 256 1242 1024.
281 1178 320 1241 E.
364 1178 449 1244 Vide
471 1178 601 1262 'quoque
624 1177 765 1264 August.
788 1181 807 1247 l.
831 1183 860 1248 1.
882 1184 920 1248 de
943 1182 1021 1250 (r'era

108 1263 152 1325 ad
172 1263 215 1326 lr't.
238 1288 261 1325 r.
287 1262 338 1327 21.
359 1274 379 1325 t.
401 1265 432 1328 3.
454 1266 507 1327 coi.
530 1265 602 1328 313.
624 1266 664 1327 A.

178 1379 309 1447 (Errant
327 1379 413 1450 igitur
430 1379 579 1454 pontificii,
600 1379 648 1450 qui
666 1380 712 1435 vel
731 1380 820 1434 solum
837 1397 942 1450 papam
960 1381 1021 1435 uni·

108 1464 172 1501 cum
191 1464 310 1519 eumque
327 1448 501 1529 infallibilem
513 1447 672 1530 Scriptprae
688 1448 867 1519 interpretem
878 1455 1021 1531 statuunt,

108 1514 789 1667 tide1.⁰t¹.¹⁰df²ta?³l>t⁰.¹3‘ttttt.
807 1517 1021 1667 tttftffjdt

107 1671 162 1734 que
181 1653 250 1709 haec
269 1661 365 1709 nostra
381 1655 581 1736 interpretandi
594 1654 764 1724 Scrrpturam
777 1655 869 1709 media
881 1655 1021 1726 rejiciunt.

107 1723 161 1804 er
179 1725 268 1778 obstat
286 1729 309 1778 1.
335 1724 409 1794 quod
433 1724 525 1778 media
550 1729 604 1777 reta
627 1723 757 1792 humana,
778 1724 898 1792 Stoplet.
924 1724 1021 1779 relect.

107 1810 196 1914 princ.
219 1791 267 1846 fid.
291 1799 379 1846 contr.
406 1799 429 1848 6.
455 1811 482 1864 q.
503 1800 526 1847 7.
550 1811 578 1863 p.
597 1799 655 1848 641.
680 1810 708 1848 n.
730 1797 755 1847 2.
794 1793 937 1863 Negemus
960 1809 1021 1848 esse

130 1879 237 1925 ursana,
263 1860 312 1931 ita,
338 1866 369 1915 ut
392 1861 514 1916 humana
536 1861 672 1916 industria
691 1866 801 1915 tantum
824 1860 1021 1932 acquirantur:

107 1930 308 2002 conjungimus
335 1931 407 1985 enim
425 1931 523 1985 iisdem
548 1929 689 1986 efficacem
707 1929 825 2000 Spiritus
850 1930 973 1985 sanctio
994 1947 1021 1985 e-

107 2000 250 2081 rationem.
285 1999 339 2080 Nil
356 2001 446 2054 obstat
463 2006 486 2056 2.
496 2001 580 2082 ⁸quod
596 1999 755 2068 haereticis,
780 1998 896 2079 Judeeis
921 2003 950 2053 et
990 2016 1021 2054 a·

108 2069 607 2216 adelettadttttd
620 2068 837 2207 {hillidii}
851 2067 1021 2216 ilidii?

107 2224 169 2259 rum
189 2223 300 2260 sensum
319 2206 454 2277 indagent
471 2211 499 2261 et
516 2206 692 2271 confirment,
710 2205 759 2259 sed
773 2210 805 2260 ut
821 2221 935 2276 propria
946 2221 1021 2259 corn·

108 2279 203 2329 menta
227 2293 242 2329 e
262 2274 406 2343 Scriptura
430 2274 554 2344 pallient.
591 2281 616 2329 2.
634 2275 826 2328 Provocarunt
850 2280 879 2328 et
900 2273 1021 2343 apostoli

108 2344 144 2397 ad
162 2343 333 2413 Scripturam
351 2348 379 2397 et
391 2342 506 2397 Judaei:
533 2342 573 2397 nil
591 2359 657 2413 erge
675 2343 739 2413 plus
756 2343 945 2413 apostolorum
958 2359 1021 2413 pro·

105 2412 246 2466 vocationi
259 2410 456 2466 tribuendum?
497 2410 668 2465 Absurdum.
708 2412 760 2466 Nil
785 2412 875 2465 obstat
900 2416 923 2465 3.
945 2408 1021 2481 quod

107 2486 253 2535 contextus
272 2480 431 2550 scripturae
457 2480 558 2548 varius,
589 2485 618 2534 et
645 2480 840 2535 antecedentia
864 2496 897 2533 ac
923 2495 1021 2535 conse·

107 2549 220 2620 quentia
235 2549 343 2604 diverse
371 2548 519 2604 cohaerent
544 2549 664 2620 saepius.
702 2552 785 2603 Idem
802 2549 839 2603 ib.
879 2553 965 2604 ,tta
984 2549 1021 2602 ad

106 2635 164 2689 arg.
189 2625 210 2673 l.
228 2618 280 2672 Est
297 2618 402 2673 elench.
426 2619 576 2672 adiversis
600 2618 636 2672 ad
659 2619 816 2673 con’uncta.
858 2568 921 2674 Non
946 2616 1020 2672 enim

107 2687 218 2758 singula
241 2686 333 2740 media
355 2687 468 2741 seorsim
491 2686 647 2751 sufficiunt,
674 2637 724 2740 sed
744 2687 885 2753 universa,
910 2685 934 2739 si
952 2686 1021 2757 legi·

105 2757 173 2811 time
191 2761 354 2824 tractentur,
378 2756 555 2825 conjunctim.
597 2757 650 2809 Nil
669 2756 758 2809 obstat
785 2762 808 2811 4.
828 2754 903 2825 quod
930 2756 1021 2824 stylus

105 2842 190 2895 saepe
207 2823 318 2893 dubius,
336 2824 492 2897 ambiguus,
510 2826 643 2880 diversus.
679 2826 761 2878 Idem
775 2823 844 2877 ibid.
863 2843 891 2894 p.
904 2829 963 2879 643.
983 2823 1021 2878 ed

106 2900 131 2951 2.
149 2911 209 2965 arg.
245 2894 296 2947 Est
314 2894 444 2948 elenchus
462 2910 562 2949 causae
580 2892 757 2960 insufficiens,
778 2892 959 2963 aphranium
979 2891 1020 2945 di·

105 2963 222 3017 versitas
240 2963 438 3017 obscuritatem
462 2980 518 3017 non
563 2963 623 3017 arit.
665 2968 688 3016 3.
707 2962 811 3015 Fontes
834 2978 890 3015 non
912 2960 1021 3015 varian-

106 3037 160 3086 tur.
197 3038 221 3087 4.
242 3030 369 3103 Regulae
386 3032 421 3088 de
440 3031 535 3103 phrasi
555 3049 589 3085 us
607 3029 643 3085 ad
662 3030 812 3101 scripturas
830 3034 896 3084 sunt
913 3046 1021 3083 accom-

105 3100 270 3169 modandae,
294 3119 351 3155 non
371 3108 475 3157 contra.
519 3108 542 3155 5.
559 3099 619 3171 Ipsi
637 3105 731 3171 patres
754 3099 842 3152 multo
866 3099 955 3180 magis
976 3115 1020 3152 ra·

106 3169 181 3223 tione
198 3170 266 3240 styli
288 3170 468 3238 dissentiunt,
491 3186 574 3239 quem
590 3168 743 3239 prophetae
760 3174 789 3223 et
806 3168 931 3238 apostola
967 3167 1021 3221 Nil

106 3239 197 3292 obstat
216 3247 240 3294 a.
260 3239 335 3310 quod
353 3239 413 3292 sola
430 3238 541 3293 collatio
559 3237 765 3308 seripturarum
787 3242 816 3291 et
837 3236 960 3290 locorum
984 3236 1021 3291 sit

104 3306 191 3362 fallax
210 3314 238 3364 et
255 3308 418 3379 periculosa
454 3306 573 3376 Staplet.
592 3307 618 3361 d.
634 3307 651 3362 l.
670 3325 697 3377 p.
711 3311 770 3361 644.
790 3305 826 3359 ad
840 3312 863 3360 3.
881 3322 940 3376 arg.
968 3304 1021 3359 Est
