2250 3772
104 240 168 307 112
343 238 449 325 Osput
470 239 496 303 Ι.
541 240 593 305 De
614 239 779 325 decalogo.

174 408 332 479 (Exemplar
350 408 428 478 Cain,
453 408 522 464 Gen.
541 413 567 469 4,
588 412 630 461 12.
648 407 821 481 Abimelsclr‚
839 410 911 465 Just
929 414 954 480 9,
968 409 1004 463 t!

103 474 189 550 Docg
204 484 233 534 et
251 477 327 544 Saul,
343 479 451 532 Psalm.
469 481 515 534 52.
534 476 659 544 Athalia,
677 480 706 532 2.
724 478 794 547 Rep.
812 482 856 547 11,
874 482 918 535 16.
934 484 1004 537 stc-

213 630 465 698 SEXTUM
497 630 921 701 PRAECEPTUM

190 769 242 834 37.
293 766 457 846 Quodnam
492 782 536 834 est
568 782 687 834 sectam
712 769 936 855 praeceptam?

192 868 268 932 Non
288 870 515 936 moechaberis.

193 1005 244 1069 38.
284 1003 370 1082 Qasr
397 1018 441 1069 est
469 1006 561 1089 hujus
585 1004 936 1090 praeparamenta?

193 1104 359 1169 Debemus
381 1104 490 1170 Deum
511 1106 622 1170 timere
645 1116 676 1170 et
697 1103 848 1191 diligere,
880 1115 916 1168 ut
935 1124 1004 1169 cas·

109 1201 144 1255 et
163 1188 280 1275 pudice
301 1190 445 1254 vivamus
467 1191 501 1254 in
522 1191 628 1255 verbis
644 1212 681 1254 ac
696 1190 855 1275 operibus,
878 1200 909 1254 et
922 1212 1004 1255 unus

108 1274 247 1360 'quisque
268 1297 358 1338 suam
381 1276 551 1361 conjugem
572 1285 657 1339 amet
678 1296 715 1340 ac
736 1275 883 1359 honoret.¹

179 1376 267 1443 (Finis
292 1375 378 1447 hujus
402 1376 544 1447 praecepti
570 1382 612 1431 est
634 1375 807 1430 conservatio
832 1360 968 1430 castitatis
999 1394 1004 1409 ·

107 1444 253 1517 conjugii.)

129 1550 180 1615 39.
220 1547 305 1626 Quid
324 1549 478 1632 siyaificat
506 1549 539 1611 in
567 1548 624 1611 laec
640 1560 807 1632 praecepto
830 1543 1004 1613 mosellam?

198 1648 367 1749 Significat
394 1649 429 1713 iu
457 1671 574 1748 genere
601 1648 721 1712 illicitis
748 1648 1004 1734 concupiscentiis

108 1734 269 1800 illecebrrs
293 1756 330 1798 ac
352 1733 539 1798 libidimbus
562 1734 704 1797 animum
723 1744 756 1797 et
776 1738 893 1819 corpus
909 1730 1004 1818 quovi

110 1820 208 1885 modo
229 1819 446 1884 contaminare
467 1841 505 1883 ac
527 1840 747 1904 conspurcare.

179 1936 334 2005 (Moechari
351 1954 403 2009 pro
423 1938 464 1993 rie
476 1935 616 2009 significat
627 1934 711 1991 fidem
726 1934 903 2007 conjugalem
917 1934 1004 1991 illiciti

107 2004 351 2061 commixtionibus
378 1955 484 2061 solvere
508 2022 542 2060 ac
571 2004 738 2059 adulterium
762 2005 942 2061 committere.
981 2004 1004 2058 A

109 2075 242 2129 hocloco
260 2092 310 2144 per
328 2075 442 2145 synecd.
461 2073 564 2144 speciei
584 2090 635 2143 pro
652 2089 754 2144 genere
773 2073 900 2143 quamvis
919 2071 1004 2145 siguli

111 2148 159 2197 cat
179 2143 360 2211 pollutionem
378 2143 518 2210 illicitam,
545 2147 606 2195 tum
625 2141 747 2211 corporis
767 2147 827 2195 tum
845 2140 944 2203 animi,
965 2148 1004 2197 tm

110 2211 263 2265 intratum
281 2216 359 2265 extra
384 2211 546 2281 conjugium
569 2209 737 2281 legitimum
762 2210 943 2332 ep'usdemque
961 2226 1004 2267 ces

108 2296 164 2345 sas,
183 2279 348 2346 occasiones,
367 2280 493 2348 affectus,
510 2279 652 2348 adjuncta,
673 2286 770 2333 antece
791 2278 867 2333 entia
885 2284 914 2335 st
928 2295 1004 2335 conss

10 2370 17 2381 ·
111 2347 234 2419 quentia.
268 2346 338 2400 Cum
367 2352 388 2402 1.
409 2364 443 2402 ex
469 2363 526 2401 una
549 2366 562 2400 s
585 2346 642 2401 ecie
665 2347 857 2418 intelligantur
884 2353 1004 2429 cognatu

109 2415 247 2486 reliquae3
265 2414 405 2485 prohibito
422 2433 438 2470 e
472 2433 488 2469 o
508 2365 652 2484 adulterio,
672 2422 806 2486 tauquam
823 2415 949 2470 libidims
963 2434 1004 2487 sps

108 2484 155 2539 cie
175 2482 352 2552 crassissima,
370 2483 449 2555 prohi
470 2485 591 2539 ebuntur
607 2490 635 2538 et
653 2501 754 2539 causae
773 2484 859 2553 aliae3
883 2492 914 2540 et
930 2491 957 2541 2.
976 2484 1004 2541 nl

111 2552 228 2609 effectus
247 2552 409 2623 daumatur,
427 2553 467 2608 ibi
485 2554 570 2607 etiam
587 2570 671 2607 causa
688 2555 849 2622 damnatur,
867 2559 896 2608 et
916 2560 1004 2611 conns

110 2622 144 2676 Ε.
160 2620 300 2692 prohibito
315 2621 361 2675 hic
387 2623 522 2678 adulterio
540 2620 696 2692 prohibitae
714 2622 798 2676 etiam
815 2622 942 2692 ejusdem
960 2639 1004 2679 css

108 2707 168 2755 sae,
185 2691 377 2745 antecedentia
395 2699 423 2747 et
440 2690 637 2762 consequentia
657 2690 722 2760 etc.)

131 2796 184 2862 40.
223 2793 305 2873 Quor
332 2770 432 2863 modis
458 2798 555 2881 ἱρέων
574 2796 761 2858 adulterium
782 2794 1004 2859 committitur?

198 2898 225 2961 1.
240 2898 391 2960 Interiori
401 2898 499 2959 animi
508 2897 618 2980 affecta
632 2898 820 2970 inordinato,
830 2893 1004 2980 cogitationi

108 2982 226 3046 mentis
247 2980 383 3067 impura,
406 2991 438 3045 et
460 2978 718 3065 concupiscentia
738 2978 843 3043 cordis
865 3002 978 3064 prava¹

182 3081 371 3149 (Adulterium
388 3079 526 3135 commisit
539 3079 623 3135 corde
640 3096 698 3148 sno,
716 3080 821 3134 Mattls.
842 3084 867 3149 5,
886 3082 944 3147 28.)

196 3186 227 3252 2.
252 3184 348 3249 Gesta
369 3197 492 3248 caterno
514 3184 635 3259 lascivo,
657 3193 694 3247 ut
714 3193 801 3269 puta,
821 3195 902 3248 nutu
916 3184 1004 3249 oculs

112 3293 185 3334 rum
199 3267 382 3345 libidinoso,
404 3269 467 3333 Sir.
483 3268 534 3344 26,
552 3268 601 3335 12.
639 3269 669 3335 2.
684 3270 769 3334 Petr.
792 3270 824 3346 2,
847 3268 898 3345 14,
920 3270 1004 3335 vultu
