2250 3772
221 284 270 301 ·.
349 249 709 338 DepersonaChristi.
917 243 981 318 277

102 422 176 488 ptume
188 420 354 491 impletionis
375 419 408 474 fit
426 419 539 482 mentio,
558 418 632 490 quod
647 417 776 489 alioquin
792 419 925 489 apostolis
943 421 979 476 de

103 487 176 558 wem
192 489 503 560 loquentibus-solenne
522 493 572 544 est.
612 487 728 542 Rectius
749 489 893 544 Oenonen·
916 495 980 544 Ete-

102 555 161 625 euiu,
173 558 217 628 ait,
237 560 318 612 auda
330 574 437 627 quoque
451 557 599 611 diuinitate
618 557 711 610 omnio
729 557 872 627 implebat,
891 566 917 612 et
936 559 979 611 iu·

102 633 216 695 amatu,
238 633 273 681 'ut
296 627 390 681 denaia
412 635 499 679 'carue
517 627 554 679 im
576 626 655 694 leret,
675 627 818 680 descendit
836 634 863 680 et
884 644 981 680 uacare

100 691 137 747 dit.
164 694 521 766 Supr.c.d.·Eph.124.b.
573 694 649 748 talii
667 693 807 750 Christum
826 693 895 768 μετὰ
912 712 979 770 σαρ-

102 758 186 836 tittuu
204 767 236 818 ἐν
254 769 337 834 σαρκὶ
356 763 448 818 omnia
464 763 580 834 implere
596 763 712 832 dicunt.)

100 860 136 929 30.
166 850 243 932 'tum
264 871 359 953 ipitur
379 870 502 950 infinite
522 867 595 932 haec
619 879 648 931 et
668 889 736 930 vere
759 869 864 931 diviua
884 870 982 955 maje-

100 959 146 1013 ttaa
165 951 278 1017 Christo
300 955 494 1036 audouario,
524 952 612 1014 velim
639 975 721 1015 nunc
740 952 817 1015 uiti
835 955 980 1030 declares,

139 1041 287 1103 nummu
309 1061 401 1123 quam
419 1048 567 1100 naturam
587 1036 660 1100 liaeo
681 1037 744 1122 ipsi
764 1040 838 1101 datu
858 1038 925 1101 ait?

100 1136 243 1285 tumData
270 1148 319 1202 est
346 1135 492 1215 Christo,
521 1137 695 1200 secundum
723 1137 896 1201 humanam
924 1161 982 1202 na-

151 1243 185 1286 m

149 1322 285 1391 (Quaestio
303 1322 350 1377 hic
369 1328 423 1383 est,
446 1322 494 1376 eui
517 1324 622 1376 detur-‚²
658 1322 716 1378 Ubi
733 1321 882 1392 diligenter
898 1331 982 1377 uota:

100 1383 177 1445 littam
193 1409 253 1447 esse
271 1391 341 1447 Jesu
358 1390 467 1447 Christo
485 1399 576 1446 θεανθ
595 1391 660 1460 einp
673 1391 744 1445 Filio
758 1391 812 1445 Dei
827 1398 855 1446 et
867 1391 981 1461 Mariae,

100 1452 137 1510 hoc
150 1467 192 1526 est,
208 1477 345 1531 personae
361 1460 410 1529 illi,
429 1476 501 1530 quae
520 1467 563 1514 est
607 1478 655 1515 eus
673 1466 702 1515 et
717 1459 808 1515 homo.
843 1460 981 1525 Quemad-

100 1526 185 1583 modum
203 1529 276 1584 enim
292 1531 375 1599 juxta
390 1529 517 1600 regulam
535 1546 620 1599 supra
635 1530 818 1599 propositam:
848 1530 982 1584 Actiones

104 1600 278 1664 dpuauouea
308 1607 373 1651 aaut
396 1599 537 1667 suppositi
562 1599 621 1652 aiae
644 1615 801 1668 perronae,
831 1598 872 1651 ita
900 1599 984 1653 etiam

100 1664 209 1734 etheaid
223 1669 324 1736 datur,
339 1684 482 1736 personae
502 1669 596 1721 datur.
640 1668 713 1730 Quia
737 1683 801 1721 vero
828 1666 858 1720 in
884 1668 982 1723 eadem

100 1744 191 1797 mona
206 1740 249 1790 est
274 1733 343 1790 citio
370 1741 415 1788 aui
444 1734 511 1788 auto
538 1735 593 1789 alia
612 1741 697 1807 atque
719 1736 775 1789 alia
793 1741 908 1789 natura:
945 1738 982 1792 Et

100 1811 148 1855 vero
157 1805 231 1872 juxta
250 1803 334 1859 theol.
351 1804 490 1875 regulam:
524 1804 665 1873 Quicquid
682 1807 717 1858 de
738 1803 849 1857 Christo
868 1805 982 1875 dicitur,

99 1867 130 1920 ie
143 1875 285 1927 cerandum
310 1874 437 1927 divinam
462 1882 595 1926 naturum
616 1882 740 1937 tautum,
763 1873 807 1927 oei
830 1876 983 1927 aeeuudum

101 1934 224 1995 hunnum
244 1951 378 1995 naturam
394 1950 511 2010 tumtum,
530 1943 575 1995 oei
594 1944 745 1995 secuudum
765 1949 912 2008 utramque
931 1961 982 1996 ua·

100 2008 170 2062 wan
184 2011 242 2079 spei
260 2011 401 2065 tribuitcu.
421 2012 461 2064 D.
484 2010 628 2067 Gerhard.
647 2026 754 2081 exeges.
774 2009 809 2064 de
826 2027 934 2079 person.
955 2017 984 2066 et

99 2070 151 2135 tffie.
167 2075 263 2134 Christ.
283 2083 306 2144 ἓ.
328 2084 386 2135 208.
404 2097 431 2149 p.
447 2084 522 2134 1375.
549 2078 645 2135 Habet
665 2079 781 2133 eandem
800 2080 923 2134 Treicat.
940 2080 982 2134 in·

102 2140 171 2219 ttith
189 2154 211 2203 2.
230 2166 258 2218 p.
283 2154 339 2202 107.
381 2146 518 2212 Quoniam
535 2165 654 2218 persona
671 2165 726 2201 non
745 2153 788 2201 est
806 2147 912 2229 aliquid
931 2155 985 2204 ter·

100 2210 149 2266 dun
163 2223 188 2271 et
204 2216 316 2271 realiter
334 2215 494 2269 distinctum
516 2233 533 2270 a
552 2217 659 2270 duabus
686 2216 741 2269 illis
766 2222 871 2270 naturis
889 2235 981 2288 perso-

100 2278 176 2338 adita
198 2284 298 2348 unitis,
321 2302 376 2338 non
403 2284 507 2339 sufficit
523 2285 632 2340 Christo
657 2285 714 2340 sive
737 2302 872 2354 personae
898 2290 983 2359 maje-

99 2350 174 2405 ’Μ
183 2353 327 2418 donatam,
337 2353 386 2407 sed
395 2353 511 2408 ulterius
520 2354 721 2424 explicandum,
736 2354 888 2408 secundum
900 2373 984 2427 quam

100 2421 202 2476 nstrum
220 2423 246 2477 ei
266 2423 336 2477 haec
356 2423 466 2490 donata,
483 2423 533 2477 ubi
545 2441 608 2477 cum
620 2423 763 2493 Scriptura
777 2424 982 2504 respondemus,

100 2491 225 2553 ⁸titutrdum
236 2491 386 2545 humanam
397 2499 540 2560 naturam,
556 2492 602 2547 vel
613 2491 721 2546 Chn'sto
733 2492 844 2560 homini,
857 2493 914 2549 sive
926 2511 983 2566 qua

98 2546 216 2615 honored
232 2560 370 2615 humanae
387 2565 502 2616 naturae
527 2560 585 2615 sive
601 2560 779 2629 humanitati,
799 2561 844 2615 vel
861 2563 937 2616 carni
954 2563 984 2617 in

98 2634 218 2689 duanam
238 2633 288 2682 rori
305 2629 389 2694 λόγου
404 2636 569 2698 assumptae.
592 2633 690 2700 Aeque
704 2646 738 2683 ac
749 2630 773 2683 si
784 2631 899 2698 praevia
911 2629 984 2685 Scri·

99 2694 161 2756 iiim
173 2698 295 2766 dicimus,
313 2696 453 2752 Christum
467 2714 527 2753 esse
546 2715 665 2768 passum,
686 2699 734 2753 sed
753 2700 907 2753 secundum
924 2717 983 2754 car·

100 2770 153 2831 nem,
169 2782 221 2820 non
238 2767 389 2830 deitatem
413 2766 555 2821 Christum
574 2784 633 2821 esse
651 2773 801 2832 aeternum,
821 2769 871 2822 sed
887 2785 988 2824 secun-

101 2821 150 2883 dum
162 2834 298 2903 deitatem,
316 2853 372 2890 non
388 2834 608 2903 humanitatem.)

101 2923 146 3004 31,¹
165 2938 306 3023 rapam
326 2962 396 3004 uro
422 2940 527 3004 soum
550 2952 578 3003 u
596 2939 778 3004 incautae
791 2941 986 3024 fateamu-

389 3025 429 3086 tia
450 3023 662 3088 demonstres?

165 3118 355 3189 Demonstro
377 3122 451 3187 trita
470 3123 529 3187 hac
552 3134 584 3187 et
604 3123 793 3188 inconcussa
813 3123 910 3189 totius
933 3147 985 3190 or-

104 3191 233 3272 hodone
260 3206 459 3291 antiquitatis
489 3208 622 3294 regula:
669 3207 874 3297 Quaecunque
903 3213 987 3278 Seri

104 3291 178 3361 iiiito
194 3295 268 3359 dicit
288 3293 645 3361 caminiecensem
668 3304 818 3380 tempore,
847 3296 902 3360 itta
922 3318 985 3362 uon
