2250 3772
260 235 312 300 De
333 235 394 302 HL
416 235 577 322 petitione.
811 240 876 306 455

86 426 138 488 luo
152 403 258 468 minus
272 426 389 470 nomen
399 406 463 471 Dei
478 406 720 485 sanctificemus,
735 431 875 493 regnun-

86 513 119 552 us
141 489 181 553 ed
202 511 261 553 nes
282 492 447 576 pervenire
469 492 585 576 possit,
611 505 646 556 ut
668 505 715 558 est
731 492 873 579 Diaboli,

109 585 141 638 et
170 575 272 638 carnis
301 588 427 641 nostrae
456 576 619 652 voluntas3
652 578 766 643 deinde
799 601 873 643 cum

86 670 122 723 et
151 669 184 724 et
209 671 375 725 conservat
399 684 457 725 nos
482 661 614 726 firmiter
635 662 668 726 in
694 685 752 727 suo
773 665 871 729 verbo

86 773 89 803 t
113 766 217 828 usque
240 745 397 823 adfinem
419 747 502 810 vitae
531 758 668 812 nostrae.
711 750 803 813 Haec
825 758 873 813 est

86 851 144 894 :ors
167 851 205 895 ac
226 831 311 895 bona
331 831 431 916 ipsius
450 832 606 895 voluntas.

86 998 170 1078 Quid
190 1000 332 1086 intelliyie
347 1024 408 1085 per
428 1000 623 1064 voluntatem
644 1000 707 1065 Dei
730 1004 762 1067 in
783 1002 842 1067 tao

334 1085 502 1169 petitione?
844 1118 847 1122 ·

86 1211 258 1275 cluntatem
278 1210 343 1275 Dei
365 1211 541 1275 beneficam
568 1221 601 1275 et
626 1212 873 1290 misericordem,

86 1308 134 1360 ute
161 1306 270 1359 nostra
297 1296 391 1360 nobis
417 1297 452 1359 in
481 1296 647 1381 evangelio
677 1320 734 1382 pro
759 1297 873 1361 ositam
960 1365 966 1378 ,

86 1381 206 1446 elatam.
258 1381 335 1444 Non
364 1383 459 1457 enim,
492 1394 525 1444 ut
556 1384 687 1465 ccplicat
719 1321 872 1466 &yprian

86 1467 102 1531 i.
126 1469 164 1530 de
190 1478 268 1531 orat.
290 1467 386 1533 Dom.
400 1490 436 1550 p.
458 1467 530 1533 234.
548 1469 700 1551 petimus,
729 1481 764 1531 ut
783 1469 872 1531 Deus

92 1551 265 1635 quodvult,
291 1553 345 1614 sed
358 1563 392 1615 ut
405 1574 462 1615 nce
476 1552 585 1634 facere
602 1555 770 1636 possimus,
790 1554 873 1636 quod

86 1636 145 1698 ’ult

86 1750 182 1803 ductas
199 1749 254 1804 Dei
292 1749 385 1805 uidem
401 1750 485 1804 unica
502 1755 531 1804 et
551 1750 673 1819 simplex'
687 1755 736 1818 est,
754 1751 802 1805 sed
819 1768 870 1820 pro

93 1823 222 1888 respectu
246 1818 281 1871 tri
302 1836 333 1872 ue
357 1819 532 1890 potissimum
560 1819 648 1874 modis
672 1820 869 1874 consideratur.

87 1886 196 1941 oluntas
209 1887 262 1941 Dei
278 1888 444 1942 abscondita
458 1896 487 1943 et
504 1888 618 1956 occulta,
638 1889 740 1958 deque
754 1888 869 1942 dicitur:

93 1957 153 2025 ejus
171 1955 288 2026 abyssus
306 1956 402 2023 multa,
420 1957 534 2010 consilia
549 1957 608 2026 ejus
620 1955 869 2037 inperserutabilic²

86 2029 109 2093 t,
129 2027 175 2076 33.
210 2030 234 2078 2.
252 2025 304 2078 Est
322 2024 449 2079 veluntas
468 2026 610 2087 absoluta,
631 2041 701 2095 quae
720 2031 748 2079 et
765 2026 869 2079 decreti

94 2093 272 2163 quaomnia,
293 2110 474 2165 quaecunque
495 2100 626 2147 eventura
642 2099 719 2156 sunt,
737 2093 796 2149 sine
811 2093 871 2148 ulla

86 2179 119 2215 ne
144 2162 267 2215 decernit
288 2179 320 2216 ac
345 2163 438 2217 omnia
463 2163 491 2216 in
514 2163 591 2216 coelo
612 2169 640 2216 et
657 2163 686 2216 in
703 2167 778 2216 terra
792 2163 869 2232 facit,

89 2230 204 2285 dicitur:
223 2231 367 2284 consilium
379 2247 471 2284 meum
483 2230 575 2298 stabit,
594 2237 622 2285 et
640 2231 727 2284 omnis
739 2232 868 2286 voluntas

86 2301 181 2367 ’,Eeu
199 2301 242 2367 46,
262 2303 307 2353 10.
336 2306 360 2354 3.
380 2299 431 2354 Est
447 2301 575 2354 voluntas
593 2301 730 2369 salvifice,
747 2307 870 2354 nostram

90 2369 209 2422 salutem
227 2385 401 2433 concernens,
419 2386 475 2441 qna
494 2370 564 2436 vult,
586 2375 618 2423 ut
637 2386 731 2423 omnes
750 2369 779 2422 in
792 2368 869 2423 chri-

86 2437 178 2504 edam,
197 2435 243 2506 pie
258 2437 361 2505 vivant,
380 2443 408 2492 et
419 2438 536 2492 salutem
550 2434 689 2492 aeternam
701 2454 871 2508 consequan-

86 2505 167 2572 mfer,
193 2522 264 2575 quae
288 2523 372 2576 supra
398 2505 516 2559 diximus
538 2505 567 2558 in
591 2506 649 2559 loco
675 2506 710 2560 de
726 2507 869 2560 voluntate

87 2573 117 2626 in
132 2573 195 2627 loco
214 2575 249 2628 de
268 2574 408 2638 electione,
428 2575 463 2628 de
480 2575 623 2628 voluntate
639 2575 822 2629 antecedente
839 2578 869 2628 et

86 2648 154 2710 ente,
174 2642 241 2697 item
259 2643 387 2698 absolute
406 2649 435 2698 et
450 2644 653 2710 determinata.)

86 2795 111 2862 d.
148 2793 230 2872 Quid
251 2819 322 2881 cryc
336 2800 472 2881 petimus
493 2796 549 2859 hac
566 2795 768 2880 precatione?

86 2938 198 2991 ttemur
230 2950 289 2991 nos
318 2930 436 2993 bonam
463 2951 500 2993 ac
522 2927 759 2993 misericordem
779 2925 868 2991 illam

86 3012 249 3076 >luntatem
276 3013 310 3077 in
335 3015 433 3078 verbo
456 3036 638 3098 expressam
659 3013 784 3076 efficere
810 3033 868 3074 no-

86 3097 175 3160 ribus
196 3120 260 3160 nen
281 3121 393 3183 pesse,
411 3100 549 3183 ideoque
568 3098 720 3183 petimus,
741 3107 777 3160 ut
797 3097 867 3182 ipse

86 3182 211 3267 gratiam
228 3180 395 3281 largiatur,
424 3206 488 3269 quo
510 3183 605 3248 etiam
625 3182 710 3268 apud
731 3203 790 3246 nos
813 3181 869 3245 fiat

86 3268 162 3333 ibus
187 3279 312 3335 nostris.
