2250 3772
365 245 417 310 De
437 245 599 312 electione.
870 245 935 313 413

64 426 110 493 ne,
130 415 165 465 ut
181 410 320 467 mediante
337 411 422 468 verbo
447 411 562 467 credant
578 416 607 467 et
625 410 819 467 fidemeritum
832 410 935 467 Christi

64 497 77 533 1
106 480 263 561 applicent,
287 497 343 561 qua
367 481 524 537 conditione
546 480 647 536 omisca
669 481 714 536 vel
736 481 864 552 neglecta
887 482 933 537 vel

64 548 224 620 nlegrtimc
241 548 367 604 adhibita
386 551 462 620 justo
488 549 542 604 Dei
565 549 673 618 judicio
690 549 858 605 contrarium
874 548 933 605 effi·

64 634 104 672 ur.
134 617 194 671 Alii
213 633 246 672 ax
258 623 436 674 Damascene
452 618 491 672 lib
507 624 531 673 2.
549 618 584 672 de
603 618 745 674 orthodox.
756 617 804 675 fid.
817 635 878 689 cap.
891 623 933 674 29.

64 692 155 756 5150
173 686 348 758 distinguunt
366 687 439 742 inter
456 688 627 741 columniam
646 689 934 759 concordantemque

64 770 122 811 mar
146 756 256 809 omnino
279 755 403 810 homines
421 756 477 811 fide
496 756 525 810 iu
545 754 698 824 Christum,
721 773 772 826 per
796 756 933 828 evangelii

64 823 261 879 aedicationem
282 823 421 894 oblatum,
445 823 506 878 vult
527 823 640 893 calvari,
665 829 693 878 et
716 842 782 878 conc
851 834 933 895 ntem,

64 906 85 945 a
99 895 209 946 tantum
227 892 370 947 credentes
382 893 410 946 in
425 892 564 946 Christum
582 894 679 956 salvat,
698 893 793 948 inored
824 911 853 948 oa
868 911 932 949 vero

64 963 102 1014 rte
123 962 250 1030 damnat,
278 963 344 1015 Joh.
363 965 390 1030 3,
409 966 451 1025 18.
477 967 505 1016 et
531 979 554 1015 c.
574 965 600 1030 6,
618 965 671 1031 n),-
699 964 793 1015 Marc.
820 966 864 1032 16,
888 967 931 1017 16.

64 1029 204 1085 rhecedenc
223 1029 309 1101 igitur
327 1030 454 1084 voluntas
472 1029 583 1100 respicit
599 1038 621 1087 1.
636 1030 815 1085 intentionem
827 1038 856 1086 et
869 1048 932 1086 con·

64 1093 120 1150 ium
136 1096 191 1153 Dei
210 1099 246 1152 de
263 1098 352 1153 salute
369 1104 477 1158 nostra,
501 1106 529 1153 et
546 1098 585 1152 ric
604 1105 628 1153 2.
645 1099 769 1154 ordinem
787 1117 933 1154 causarum

64 1167 255 1221 remediorum
275 1167 310 1220 ad
330 1167 445 1221 eandem
464 1167 675 1231 destinatorum,
694 1168 788 1238 qualia
807 1174 830 1224 1.
849 1186 934 1223 cauca

64 1231 202 1316 incipalis,
221 1234 383 1290 universalia
401 1235 455 1290 Dei
474 1236 600 1300 dilectio,
622 1237 689 1292 Joh.
708 1240 735 1300 3,
754 1240 796 1289 16.
832 1243 855 1293 2.
874 1238 932 1291 Me·

64 1302 136 1372 toria,
152 1304 306 1359 universale
320 1304 449 1359 meritum
468 1302 583 1372 Christi,
602 1310 627 1359 1.
645 1306 711 1360 Joh.
730 1309 763 1372 2,
781 1308 808 1359 2.
844 1311 867 1360 3.
886 1305 931 1361 In·

64 1372 215 1427 mentalis
240 1372 372 1439 offerens,
397 1373 533 1444 generalis
558 1390 608 1442 per
625 1374 798 1454 evangelium
815 1374 932 1440 vocatio,

64 1436 193 1501 166628,
212 1445 255 1494 19.
288 1441 425 1497 Voluntas
449 1456 619 1512 consequens
640 1443 754 1513 respicit
773 1442 933 1512 applicatio·

64 1520 99 1560 cn
112 1510 262 1564 mediorum
282 1510 319 1564 ad
335 1510 467 1577 homines,
487 1527 558 1581 quae
577 1510 608 1564 fit
625 1527 711 1565 cauca
727 1511 930 1566 imtrumcntah

64 1574 184 1647 eripiente,
202 1578 266 1647 fide,
286 1596 357 1650 quae
373 1595 407 1633 ex
423 1579 521 1635 auditu
539 1579 625 1643 verbi,
643 1582 839 1648 Rom,10,17,
857 1582 931 1636 unde

64 1647 206 1721 nequitur
243 1647 398 1702 articularis
418 1648 515 1702 electio
527 1648 706 1715 credentium,
724 1654 753 1703 et
771 1665 804 1703 ex
816 1650 932 1705 adverso

64 1724 97 1776 1¹1⁸
111 1715 143 1768 ad
158 1721 316 1787 negectum
333 1722 362 1771 et
381 1721 549 1771 contemtum
566 1717 758 1772 condemnatio
776 1717 930 1773 incredulo·

64 1792 105 1836 um.
133 1782 205 1839 Hinc
226 1783 407 1839 consectaria:
438 1791 460 1840 1.
488 1786 609 1854 Utroque
631 1787 761 1840 voluntat
785 1793 842 1839 tam
868 1805 932 1840 con·

64 1860 152 1917 vatem,
170 1860 228 1906 trnn
248 1856 422 1922 antecedere,
438 1861 479 1907 eat
497 1863 573 1908 certo
589 1856 746 1909 mediorum
763 1856 863 1908 ordine
883 1857 931 1908 de-

64 1912 186 1978 mimia.
214 1920 313 1993 Itaque
332 1928 357 1977 2.
369 1941 425 1976 aon
445 1929 487 1976 eet
505 1923 635 1976 obcobuta
653 1931 679 1976 et
697 1923 823 1990 iimplea.
844 1929 868 1978 3.
879 1923 931 1977 Al-

64 1996 101 2063 ¹5ss
113 1989 194 2043 alteri
212 1999 253 2043 eat
269 1992 463 2046 subordinate.
498 1992 598 2061 Itaque
622 1998 647 2047 4.
665 2010 721 2046 non
739 1998 804 2044 eant
820 1999 931 2047 contra·

64 2066 105 2105 ¹⁰⁶·
145 2064 167 2113 5.
199 2060 311 2113 Electio
342 2068 384 2113 eat
413 2061 585 2113 credentiam
613 2066 640 2113 et
670 2061 711 2113 ric
735 2060 930 2129 particularia.

64 2116 120 2177 huri
129 2125 216 2196 electi,
235 2128 338 2181 Matth.
351 2132 399 2198 22,
413 2132 465 2187 14..
480 2128 568 2183 Arcta
579 2133 621 2183 est
636 2127 690 2190 via,
707 2135 829 2199 angusta
841 2134 931 2200 porta,

64 2190 154 2271 traci
172 2201 224 2251 etc.
245 2198 350 2254 Marah.
371 2201 455 2264 7,14.
489 2197 570 2268 Elegi
591 2214 640 2251 voa
665 2198 701 2253 de
724 2198 842 2267 mundo,
863 2199 929 2255 Jot.

66 2258 80 2307 ⁵
102 2265 138 2317 19.
158 2270 192 2320 et.
208 2283 230 2318 c.
250 2267 300 2329 17,
320 2269 351 2335 6,·
375 2265 504 2320 revelanti
522 2265 658 2335 parvulis,
684 2268 789 2324 Mani.
808 2271 853 2332 11,
873 2271 930 2337 25,-
960 2314 965 2321 .

64 2295 141 2395 tin,
163 2332 303 2402 infirmos,
325 2334 462 2404 ignobiles
480 2335 557 2390 neus
574 2335 671 2406 elegit,
697 2340 721 2389 1.
743 2336 805 2390 cor.
824 2340 853 2405 1,
877 2339 930 2406 27,-

64 2408 108 2481 ξω,
121 2404 147 2458 2.
157 2403 228 2456 Tim.
242 2406 267 2471 2,
280 2406 323 2459 19.
349 2404 449 2473 ltaque
462 2409 485 2458 6.
497 2422 553 2457 non
567 2412 608 2456 ert
620 2405 790 2458 universalia
801 2404 931 2462 omnium.

64 2474 140 2523 nient
155 2471 249 2542 igitur,
268 2471 316 2542 qui
332 2472 443 2542 proprie
460 2489 554 2526 omnes
572 2473 682 2528 omnino
695 2473 817 2528 homines
829 2473 930 2527 electos

64 2546 104 2587 nc.
118 2545 247 2594 tremunt
282 2544 346 2595 Act.
367 2541 473 2594 Haber.
497 2547 568 2611 part.
592 2548 613 2597 1.
640 2558 667 2611 p.
685 2547 726 2596 32.
752 2547 793 2596 62.
815 2548 886 2611 part.
906 2548 929 2596 2.

64 2604 114 2659 tii.
139 2606 213 2670 Quor
232 2608 278 2662 rel
295 2609 371 2663 nuda
388 2609 487 2664 vocula
504 2609 610 2678 electio,
628 2627 700 2680 quae
711 2611 930 2733 segregationem

64 2664 149 2741 liquam
157 2677 280 2744 denotat,
288 2677 387 2732 erroris
396 2679 542 2733 convincit.
557 2679 594 2732 Et
603 2684 626 2734 2.
637 2680 783 2749 semperin
809 2679 930 2748 criptura

64 2750 93 2791 m
105 2743 152 2798 uiri
169 2745 206 2800 de
222 2745 285 2814 illia,
323 2746 352 2800 ui
370 2752 436 2801 actu
447 2747 564 2802 salutem
576 2748 717 2818 accepturi
729 2753 801 2814 runt,
820 2747 928 2801 dicitur.

64 2802 150 2893 itaque
167 2819 191 2869 3.
202 2814 226 2868 si
244 2764 371 2869 omnine
381 2815 537 2885 promiscue
554 2816 720 2886 applicatur,
736 2815 929 2870 contradictio·

64 2886 99 2951 Q
114 2897 142 2936 nr
164 2883 276 2952 adJecto
301 2883 387 2953 ponit.
424 2886 485 2938 Nec
511 2886 601 2939 ebetat
621 2885 748 2940 meritum
767 2884 929 2949 universale,

64 2954 92 3009 ‚¹²⁰
106 2966 194 3006 omnes
211 2951 242 3005 in
253 2950 392 3007 Christum
409 2953 522 3023 recepti,
542 2955 623 3010 Rom.
633 2957 708 3021 Ι219.
736 2952 805 3006 Ead.
824 2957 894 3023 part.
905 2958 929 3007 2.

64 3016 133 3073 ι114.
179 3019 365 3075 Conseruntur
390 3022 463 3076 enim
490 3022 614 3092 exemplo
643 3021 744 3077 Christi
774 3025 801 3076 et
825 3021 929 3076 Adami

122 3105 221 3144 musae
239 3095 332 3144 reatus
350 3095 378 3145 et
397 3090 620 3160 justificationis,
644 3107 700 3145 non
720 3105 785 3143 vero
804 3090 927 3146 effectur.

130 3163 166 3213 .2.
177 3165 220 3214 eat
233 3158 316 3212 ratio:
333 3158 506 3214 Adamiticus
518 3165 611 3214 reatus
625 3158 653 3212 in
667 3173 761 3213 omnes
772 3157 938 3215 immediate
1016 3162 1019 3170 ‘

64 3222 144 3298 Qiit,
158 3245 209 3298 per
227 3227 381 3282 naturalem
392 3245 425 3282 ex
434 3227 542 3282 Adamo
555 3227 768 3299 generationem,
786 3234 816 3282 at
827 3227 930 3283 Christi

64 3295 153 3350 ‘ffltum
169 3313 227 3351 non
243 3296 296 3350 niti
314 3297 433 3353 mediata
451 3313 502 3367 per
519 3296 602 3352 fidem
620 3296 796 3352 credentibus
808 3297 930 3369 applica-
