<?xml version="1.0" encoding="UTF-8"?>
<!DOCTYPE html PUBLIC "-//W3C//DTD XHTML 1.0 Transitional//EN"
    "http://www.w3.org/TR/xhtml1/DTD/xhtml1-transitional.dtd">
<html xmlns="http://www.w3.org/1999/xhtml" xml:lang="en" lang="en">
 <head>
  <title>
</title>
<meta http-equiv="Content-Type" content="text/html;charset=utf-8" />
  <meta name='ocr-system' content='tesseract 3.04.00' />
  <meta name='ocr-capabilities' content='ocr_page ocr_carea ocr_par ocr_line ocrx_word'/>
</head>
<body>
  <div class='ocr_page' id='page_1' title='image "./dconradidieteri00dietgoog_0239.png"; bbox 0 0 2250 3772; ppageno 0'>
   <div class='ocr_carea' id='block_1_1' title="bbox 108 221 893 310">
    <p class='ocr_par' dir='ltr' id='par_1_1' title="bbox 108 221 893 310">
     <span class='ocr_line' id='line_1_1' title="bbox 108 221 893 310; baseline -0.001 -19"><span class='ocrx_word' id='word_1_1' title='bbox 108 222 173 291; x_wconf 75' lang='lat'><strong>206</strong></span> <span class='ocrx_word' id='word_1_2' title='bbox 251 221 357 308; x_wconf 89' lang='lat' dir='ltr'><strong>Caput</strong></span> <span class='ocrx_word' id='word_1_3' title='bbox 378 222 421 290; x_wconf 93' lang='lat'><strong>11.</strong></span> <span class='ocrx_word' id='word_1_4' title='bbox 465 223 522 301; x_wconf 86' lang='lat' dir='ltr'><strong>De</strong></span> <span class='ocrx_word' id='word_1_5' title='bbox 538 223 689 308; x_wconf 84' lang='lat' dir='ltr'><strong>symbolo</strong></span> <span class='ocrx_word' id='word_1_6' title='bbox 711 223 893 310; x_wconf 81' lang='lat' dir='ltr'><strong>apostolico.</strong></span> 
     </span>
    </p>
   </div>
   <div class='ocr_carea' id='block_1_2' title="bbox 104 393 936 1117">
    <p class='ocr_par' dir='ltr' id='par_1_2' title="bbox 105 393 936 671">
     <span class='ocr_line' id='line_1_2' title="bbox 105 393 917 463; baseline 0 -14"><span class='ocrx_word' id='word_1_7' title='bbox 105 398 172 449; x_wconf 78' lang='lat' dir='ltr'><strong>tl.</strong></span> <span class='ocrx_word' id='word_1_8' title='bbox 189 411 217 463; x_wconf 85' lang='lat' dir='ltr'><strong>p.</strong></span> <span class='ocrx_word' id='word_1_9' title='bbox 237 397 301 449; x_wconf 79' lang='lat'>4³4:</span> <span class='ocrx_word' id='word_1_10' title='bbox 336 393 374 446; x_wconf 90' lang='lat' dir='ltr'><strong>In</strong></span> <span class='ocrx_word' id='word_1_11' title='bbox 389 409 445 447; x_wconf 82' lang='lat' dir='ltr'><strong>nno</strong></span> <span class='ocrx_word' id='word_1_12' title='bbox 464 394 576 447; x_wconf 83' lang='lat' dir='ltr'><strong>nornine</strong></span> <span class='ocrx_word' id='word_1_13' title='bbox 596 393 736 462; x_wconf 73' lang='lat' dir='ltr'><strong>baptisari</strong></span> <span class='ocrx_word' id='word_1_14' title='bbox 755 411 808 449; x_wconf 84' lang='lat' dir='ltr'><strong>nos</strong></span> <span class='ocrx_word' id='word_1_15' title='bbox 819 393 917 463; x_wconf 73' lang='lat' dir='ltr'><strong>iussit,</strong></span> 
     </span>
     <span class='ocr_line' id='line_1_3' title="bbox 106 458 936 531; baseline -0.001 -15"><span class='ocrx_word' id='word_1_16' title='bbox 106 462 139 530; x_wconf 76' lang='lat' dir='ltr'><strong>in</strong></span> <span class='ocrx_word' id='word_1_17' title='bbox 156 462 268 516; x_wconf 84' lang='lat' dir='ltr'><strong>nomine</strong></span> <span class='ocrx_word' id='word_1_18' title='bbox 284 461 391 531; x_wconf 78' lang='lat' dir='ltr'><strong>Putris,</strong></span> <span class='ocrx_word' id='word_1_19' title='bbox 409 459 484 514; x_wconf 77' lang='lat' dir='ltr'><strong>Foiii</strong></span> <span class='ocrx_word' id='word_1_20' title='bbox 502 469 529 516; x_wconf 90' lang='lat' dir='ltr'><strong>et</strong></span> <span class='ocrx_word' id='word_1_21' title='bbox 541 460 670 531; x_wconf 74' lang='lat' dir='ltr'><strong>Spiritus</strong></span> <span class='ocrx_word' id='word_1_22' title='bbox 687 463 791 519; x_wconf 73' lang='lat' dir='ltr'><strong>amicti.</strong></span> <span class='ocrx_word' id='word_1_23' title='bbox 824 460 893 517; x_wconf 83' lang='lat' dir='ltr'><strong>Noli</strong></span> <span class='ocrx_word' id='word_1_24' title='bbox 905 458 936 515; x_wconf 79' lang='lat' dir='ltr'><strong>ni</strong></span> 
     </span>
     <span class='ocr_line' id='line_1_4' title="bbox 105 531 936 600; baseline 0.002 -16"><span class='ocrx_word' id='word_1_25' title='bbox 105 531 177 600; x_wconf 68' lang='lat' dir='ltr'><strong>quia</strong></span> <span class='ocrx_word' id='word_1_26' title='bbox 197 531 270 585; x_wconf 71' lang='lat' dir='ltr'><strong>dicit</strong></span> <span class='ocrx_word' id='word_1_27' title='bbox 286 547 372 584; x_wconf 79' lang='lat' dir='ltr'><strong>rmum</strong></span> <span class='ocrx_word' id='word_1_28' title='bbox 388 546 496 598; x_wconf 69' lang='lat' dir='ltr'><strong>nomm,</strong></span> <span class='ocrx_word' id='word_1_29' title='bbox 511 531 562 584; x_wconf 80' lang='lat' dir='ltr'><strong>abt</strong></span> <span class='ocrx_word' id='word_1_30' title='bbox 577 537 618 584; x_wconf 77' lang='lat' dir='ltr'><strong>eat</strong></span> <span class='ocrx_word' id='word_1_31' title='bbox 637 547 696 585; x_wconf 82' lang='lat' dir='ltr'><strong>anu</strong></span> <span class='ocrx_word' id='word_1_32' title='bbox 714 531 880 600; x_wconf 67' lang='lat' dir='ltr'><strong>ratnmuu,</strong></span> <span class='ocrx_word' id='word_1_33' title='bbox 897 545 936 585; x_wconf 66' lang='lat' dir='ltr'><strong>aa&lt;</strong></span> 
     </span>
     <span class='ocr_line' id='line_1_5' title="bbox 106 599 896 671; baseline -0.001 -18"><span class='ocrx_word' id='word_1_34' title='bbox 106 599 223 669; x_wconf 78' lang='lat' dir='ltr'><strong>uiuitur,</strong></span> <span class='ocrx_word' id='word_1_35' title='bbox 240 617 300 653; x_wconf 84' lang='lat' dir='ltr'><strong>aaa</strong></span> <span class='ocrx_word' id='word_1_36' title='bbox 316 599 479 668; x_wconf 77' lang='lat' dir='ltr'><strong>majestas.)</strong></span> <span class='ocrx_word' id='word_1_37' title='bbox 891 664 896 671; x_wconf 33' lang='grc' dir='ltr'>Ι</span> 
     </span>
    </p>

    <p class='ocr_par' dir='ltr' id='par_1_3' title="bbox 104 701 936 1117">
     <span class='ocr_line' id='line_1_6' title="bbox 194 701 936 789; baseline 0 -24"><span class='ocrx_word' id='word_1_38' title='bbox 194 703 355 766; x_wconf 81' lang='lat' dir='ltr'><strong>Probatur</strong></span> <span class='ocrx_word' id='word_1_39' title='bbox 374 703 403 768; x_wconf 74' lang='lat'><strong>4.</strong></span> <span class='ocrx_word' id='word_1_40' title='bbox 428 705 456 768; x_wconf 89' lang='lat'><strong>1.</strong></span> <span class='ocrx_word' id='word_1_41' title='bbox 472 703 545 767; x_wconf 78' lang='lat' dir='ltr'><strong>Jolr.</strong></span> <span class='ocrx_word' id='word_1_42' title='bbox 561 701 592 778; x_wconf 81' lang='grc'><strong>5,</strong></span> <span class='ocrx_word' id='word_1_43' title='bbox 615 702 652 764; x_wconf 78' lang='lat' dir='ltr'><strong>i:</strong></span> <span class='ocrx_word' id='word_1_44' title='bbox 672 711 736 765; x_wconf 86' lang='lat' dir='ltr'><strong>tres</strong></span> <span class='ocrx_word' id='word_1_45' title='bbox 758 714 844 781; x_wconf 86' lang='lat' dir='ltr'><strong>sunt,</strong></span> <span class='ocrx_word' id='word_1_46' title='bbox 864 701 936 789; x_wconf 84' lang='lat' dir='ltr'><strong>quil</strong></span> 
     </span>
     <span class='ocr_line' id='line_1_7' title="bbox 104 784 923 871; baseline 0.001 -20"><span class='ocrx_word' id='word_1_47' title='bbox 104 786 253 851; x_wconf 79' lang='lat' dir='ltr'><strong>&#39;monium</strong></span> <span class='ocrx_word' id='word_1_48' title='bbox 271 786 441 871; x_wconf 87' lang='lat' dir='ltr'><strong>perhibent</strong></span> <span class='ocrx_word' id='word_1_49' title='bbox 462 788 496 852; x_wconf 92' lang='lat' dir='ltr'><strong>in</strong></span> <span class='ocrx_word' id='word_1_50' title='bbox 516 786 617 864; x_wconf 90' lang='lat' dir='ltr'><strong>coelo,</strong></span> <span class='ocrx_word' id='word_1_51' title='bbox 638 784 752 864; x_wconf 88' lang='lat' dir='ltr'><strong>Pater,</strong></span> <span class='ocrx_word' id='word_1_52' title='bbox 775 784 875 867; x_wconf 82' lang='grc' dir='ltr'><strong><em>λόγος</em></strong></span> <span class='ocrx_word' id='word_1_53' title='bbox 894 796 923 852; x_wconf 88' lang='lat' dir='ltr'><strong>et</strong></span> 
     </span>
     <span class='ocr_line' id='line_1_8' title="bbox 106 870 922 951; baseline -0.005 -10"><span class='ocrx_word' id='word_1_54' title='bbox 106 870 188 941; x_wconf 84' lang='lat' dir='ltr'><strong>ritus</strong></span> <span class='ocrx_word' id='word_1_55' title='bbox 211 881 349 949; x_wconf 85' lang='lat' dir='ltr'><strong>sanctus,</strong></span> <span class='ocrx_word' id='word_1_56' title='bbox 371 882 402 936; x_wconf 90' lang='lat' dir='ltr'><strong>et</strong></span> <span class='ocrx_word' id='word_1_57' title='bbox 422 871 456 935; x_wconf 93' lang='lat' dir='ltr'><strong>hi</strong></span> <span class='ocrx_word' id='word_1_58' title='bbox 477 883 540 936; x_wconf 87' lang='lat' dir='ltr'><strong>tres</strong></span> <span class='ocrx_word' id='word_1_59' title='bbox 562 893 662 937; x_wconf 92' lang='lat' dir='ltr'><strong>unum</strong></span> <span class='ocrx_word' id='word_1_60' title='bbox 684 882 767 936; x_wconf 86' lang='lat' dir='ltr'><strong>sunt.</strong></span> <span class='ocrx_word' id='word_1_61' title='bbox 800 872 922 951; x_wconf 76' lang='lat' dir='ltr'><strong>Confer.</strong></span> 
     </span>
     <span class='ocr_line' id='line_1_9' title="bbox 112 956 936 1045; baseline 0.002 -26"><span class='ocrx_word' id='word_1_62' title='bbox 112 956 163 1034; x_wconf 81' lang='lat'><strong>14,</strong></span> <span class='ocrx_word' id='word_1_63' title='bbox 184 956 235 1022; x_wconf 81' lang='lat'><strong>26.</strong></span> <span class='ocrx_word' id='word_1_64' title='bbox 258 966 290 1019; x_wconf 88' lang='lat' dir='ltr'><strong>et</strong></span> <span class='ocrx_word' id='word_1_65' title='bbox 313 958 364 1034; x_wconf 77' lang='lat'><strong>15,</strong></span> <span class='ocrx_word' id='word_1_66' title='bbox 384 958 436 1023; x_wconf 85' lang='grc'><strong>26.</strong></span> <span class='ocrx_word' id='word_1_67' title='bbox 470 957 588 1045; x_wconf 67' lang='lat' dir='ltr'><strong>Iipbes.</strong></span> <span class='ocrx_word' id='word_1_68' title='bbox 611 961 642 1034; x_wconf 74' lang='lat'><strong>2,</strong></span> <span class='ocrx_word' id='word_1_69' title='bbox 666 957 715 1021; x_wconf 89' lang='grc'><strong>18.</strong></span> <span class='ocrx_word' id='word_1_70' title='bbox 752 956 782 1020; x_wconf 80' lang='lat'><strong>2.</strong></span> <span class='ocrx_word' id='word_1_71' title='bbox 808 956 878 1023; x_wconf 87' lang='lat' dir='ltr'><strong>Cor.</strong></span> <span class='ocrx_word' id='word_1_72' title='bbox 901 956 936 1021; x_wconf 82' lang='lat'><strong>13</strong></span> 
     </span>
     <span class='ocr_line' id='line_1_10' title="bbox 105 1040 422 1117; baseline 0.003 -12"><span class='ocrx_word' id='word_1_73' title='bbox 105 1040 186 1105; x_wconf 45' lang='lat' dir='ltr'><strong>*Gal</strong></span> <span class='ocrx_word' id='word_1_74' title='bbox 206 1041 238 1117; x_wconf 90' lang='lat'><strong>4,</strong></span> <span class='ocrx_word' id='word_1_75' title='bbox 258 1041 289 1106; x_wconf 83' lang='grc'><strong>4.</strong></span> <span class='ocrx_word' id='word_1_76' title='bbox 312 1042 341 1108; x_wconf 86' lang='grc'><strong>6.</strong></span> <span class='ocrx_word' id='word_1_77' title='bbox 364 1051 422 1107; x_wconf 85' lang='lat' dir='ltr'><strong>eto.</strong></span> 
     </span>
    </p>
   </div>
   <div class='ocr_carea' id='block_1_3' title="bbox 106 1138 936 1212">
    <p class='ocr_par' dir='ltr' id='par_1_4' title="bbox 106 1138 936 1212">
     <span class='ocr_line' id='line_1_11' title="bbox 106 1138 936 1212; baseline 0 -17"><span class='ocrx_word' id='word_1_78' title='bbox 106 1196 110 1202; x_wconf 73' lang='grc'><em>,</em></span> <span class='ocrx_word' id='word_1_79' title='bbox 179 1139 380 1209; x_wconf 85' lang='lat' dir='ltr'><strong>(Demonstrari</strong></span> <span class='ocrx_word' id='word_1_80' title='bbox 402 1140 472 1196; x_wconf 89' lang='lat' dir='ltr'><strong>hacc</strong></span> <span class='ocrx_word' id='word_1_81' title='bbox 497 1157 677 1212; x_wconf 89' lang='lat' dir='ltr'><strong>personarum</strong></span> <span class='ocrx_word' id='word_1_82' title='bbox 694 1138 805 1195; x_wconf 85' lang='lat' dir='ltr'><strong>trinitas</strong></span> <span class='ocrx_word' id='word_1_83' title='bbox 824 1140 936 1196; x_wconf 85' lang='lat' dir='ltr'><strong>etiams</strong></span> 
     </span>
    </p>
   </div>
   <div class='ocr_carea' id='block_1_4' title="bbox 15 1206 936 1282">
    <p class='ocr_par' dir='ltr' id='par_1_5' title="bbox 15 1206 936 1282">
     <span class='ocr_line' id='line_1_12' title="bbox 15 1206 936 1282; baseline -0.002 -15"><span class='ocrx_word' id='word_1_84' title='bbox 15 1244 16 1251; x_wconf 61' lang='lat'><strong>.</strong></span> <span class='ocrx_word' id='word_1_85' title='bbox 107 1209 175 1267; x_wconf 82' lang='lat' dir='ltr'><strong>teris</strong></span> <span class='ocrx_word' id='word_1_86' title='bbox 202 1209 379 1264; x_wconf 83' lang='lat' dir='ltr'><strong>instrumenti</strong></span> <span class='ocrx_word' id='word_1_87' title='bbox 406 1209 573 1265; x_wconf 77' lang='lat' dir='ltr'><strong>testimoniis</strong></span> <span class='ocrx_word' id='word_1_88' title='bbox 597 1213 697 1279; x_wconf 87' lang='lat' dir='ltr'><strong>potest.</strong></span> <span class='ocrx_word' id='word_1_89' title='bbox 742 1206 800 1265; x_wconf 88' lang='lat' dir='ltr'><strong>Ubi</strong></span> <span class='ocrx_word' id='word_1_90' title='bbox 827 1226 857 1265; x_wconf 83' lang='lat' dir='ltr'><strong>sc</strong></span> <span class='ocrx_word' id='word_1_91' title='bbox 877 1224 936 1282; x_wconf 83' lang='lat' dir='ltr'><strong>q.t</strong></span> 
     </span>
    </p>
   </div>
   <div class='ocr_carea' id='block_1_5' title="bbox 104 1277 936 3341">
    <p class='ocr_par' dir='ltr' id='par_1_6' title="bbox 104 1277 936 3341">
     <span class='ocr_line' id='line_1_13' title="bbox 107 1277 926 1348; baseline -0.001 -15"><span class='ocrx_word' id='word_1_92' title='bbox 107 1278 202 1334; x_wconf 69' lang='lat' dir='ltr'><strong>tanda</strong></span> <span class='ocrx_word' id='word_1_93' title='bbox 217 1277 369 1334; x_wconf 74' lang='lat' dir='ltr'><strong>axiomata:</strong></span> <span class='ocrx_word' id='word_1_94' title='bbox 389 1277 411 1334; x_wconf 91' lang='lat'><strong>1.</strong></span> <span class='ocrx_word' id='word_1_95' title='bbox 433 1277 503 1332; x_wconf 79' lang='lat' dir='ltr'><strong>Cum</strong></span> <span class='ocrx_word' id='word_1_96' title='bbox 517 1277 646 1348; x_wconf 77' lang='lat' dir='ltr'><strong>pluralia</strong></span> <span class='ocrx_word' id='word_1_97' title='bbox 663 1293 795 1331; x_wconf 82' lang='lat' dir='ltr'><strong>numerus</strong></span> <span class='ocrx_word' id='word_1_98' title='bbox 812 1280 849 1332; x_wconf 82' lang='lat' dir='ltr'><strong>de</strong></span> <span class='ocrx_word' id='word_1_99' title='bbox 895 1293 926 1333; x_wconf 86' lang='lat' dir='ltr'><strong>so</strong></span> 
     </span>
     <span class='ocr_line' id='line_1_14' title="bbox 104 1347 936 1418; baseline -0.002 -16"><span class='ocrx_word' id='word_1_100' title='bbox 104 1355 205 1418; x_wconf 74' lang='lat' dir='ltr'><strong>patiar,</strong></span> <span class='ocrx_word' id='word_1_101' title='bbox 223 1365 277 1402; x_wconf 86' lang='lat' dir='ltr'><strong>non</strong></span> <span class='ocrx_word' id='word_1_102' title='bbox 290 1347 489 1416; x_wconf 76' lang='lat' dir='ltr'><strong>pluralitatem</strong></span> <span class='ocrx_word' id='word_1_103' title='bbox 507 1349 642 1401; x_wconf 72' lang='lat' dir='ltr'><strong>moratiue</strong></span> <span class='ocrx_word' id='word_1_104' title='bbox 668 1348 797 1415; x_wconf 86' lang='lat' dir='ltr'><strong>denotat,</strong></span> <span class='ocrx_word' id='word_1_105' title='bbox 820 1348 874 1401; x_wconf 83' lang='lat' dir='ltr'><strong>sed</strong></span> <span class='ocrx_word' id='word_1_106' title='bbox 883 1362 936 1417; x_wconf 78' lang='lat' dir='ltr'><strong>pes</strong></span> 
     </span>
     <span class='ocr_line' id='line_1_15' title="bbox 109 1414 929 1486; baseline -0.004 -17"><span class='ocrx_word' id='word_1_107' title='bbox 109 1417 248 1469; x_wconf 76' lang='lat' dir='ltr'><strong>duntaxat</strong></span> <span class='ocrx_word' id='word_1_108' title='bbox 265 1416 413 1470; x_wconf 65' lang='lat' dir='ltr'><strong>dictinctos</strong></span> <span class='ocrx_word' id='word_1_109' title='bbox 432 1416 571 1486; x_wconf 64' lang='lat' dir='ltr'><strong>desiynat</strong></span> <span class='ocrx_word' id='word_1_110' title='bbox 599 1414 668 1471; x_wconf 79' lang='lat' dir='ltr'><strong>Gen.</strong></span> <span class='ocrx_word' id='word_1_111' title='bbox 687 1418 752 1483; x_wconf 86' lang='lat'><strong>1,1.</strong></span> <span class='ocrx_word' id='word_1_112' title='bbox 770 1418 799 1471; x_wconf 84' lang='lat' dir='ltr'><strong>et</strong></span> <span class='ocrx_word' id='word_1_113' title='bbox 817 1417 844 1479; x_wconf 81' lang='lat'><strong>3,</strong></span> <span class='ocrx_word' id='word_1_114' title='bbox 863 1420 886 1471; x_wconf 85' lang='lat'><strong>1.</strong></span> <span class='ocrx_word' id='word_1_115' title='bbox 903 1416 929 1468; x_wconf 73' lang='lat'><strong>5.</strong></span> 
     </span>
     <span class='ocr_line' id='line_1_16' title="bbox 108 1483 936 1555; baseline -0.001 -17"><span class='ocrx_word' id='word_1_116' title='bbox 108 1487 154 1555; x_wconf 85' lang='lat'><strong>10,</strong></span> <span class='ocrx_word' id='word_1_117' title='bbox 179 1488 223 1540; x_wconf 85' lang='lat'><strong>10.</strong></span> <span class='ocrx_word' id='word_1_118' title='bbox 264 1483 302 1540; x_wconf 92' lang='lat' dir='ltr'><strong>II.</strong></span> <span class='ocrx_word' id='word_1_119' title='bbox 326 1483 395 1538; x_wconf 80' lang='lat' dir='ltr'><strong>Cam</strong></span> <span class='ocrx_word' id='word_1_120' title='bbox 418 1487 500 1539; x_wconf 80' lang='lat' dir='ltr'><strong>Deae</strong></span> <span class='ocrx_word' id='word_1_121' title='bbox 522 1484 648 1553; x_wconf 78' lang='lat' dir='ltr'><strong>loquitur·</strong></span> <span class='ocrx_word' id='word_1_122' title='bbox 673 1485 708 1537; x_wconf 83' lang='lat' dir='ltr'><strong>de</strong></span> <span class='ocrx_word' id='word_1_123' title='bbox 734 1485 814 1550; x_wconf 88' lang='lat' dir='ltr'><strong>Deo,</strong></span> <span class='ocrx_word' id='word_1_124' title='bbox 858 1500 936 1539; x_wconf 77' lang='lat' dir='ltr'><strong>erm</strong></span> 
     </span>
     <span class='ocr_line' id='line_1_17' title="bbox 112 1551 931 1622; baseline 0.002 -16"><span class='ocrx_word' id='word_1_125' title='bbox 112 1553 241 1606; x_wconf 67' lang='lat' dir='ltr'><strong>Trinitas</strong></span> <span class='ocrx_word' id='word_1_126' title='bbox 258 1554 394 1620; x_wconf 76' lang='lat' dir='ltr'><strong>innuitur,</strong></span> <span class='ocrx_word' id='word_1_127' title='bbox 416 1552 486 1609; x_wconf 78' lang='lat' dir='ltr'><strong>Gen.</strong></span> <span class='ocrx_word' id='word_1_128' title='bbox 508 1555 551 1622; x_wconf 79' lang='lat'><strong>19,</strong></span> <span class='ocrx_word' id='word_1_129' title='bbox 568 1555 612 1606; x_wconf 74' lang='lat'><strong>24.</strong></span> <span class='ocrx_word' id='word_1_130' title='bbox 652 1554 722 1606; x_wconf 82' lang='lat' dir='ltr'><strong>Era.</strong></span> <span class='ocrx_word' id='word_1_131' title='bbox 741 1554 786 1620; x_wconf 75' lang='grc' dir='ltr'><strong>ὅθ,</strong></span> <span class='ocrx_word' id='word_1_132' title='bbox 805 1557 823 1605; x_wconf 90' lang='grc'><em>1</em></span> <span class='ocrx_word' id='word_1_133' title='bbox 843 1594 849 1608; x_wconf 94' lang='grc'><strong>.</strong></span> <span class='ocrx_word' id='word_1_134' title='bbox 886 1551 931 1609; x_wconf 75' lang='lat' dir='ltr'><strong>Oa.</strong></span> 
     </span>
     <span class='ocr_line' id='line_1_18' title="bbox 107 1620 936 1691; baseline -0.001 -16"><span class='ocrx_word' id='word_1_135' title='bbox 107 1620 161 1675; x_wconf 89' lang='lat'><strong>111.</strong></span> <span class='ocrx_word' id='word_1_136' title='bbox 183 1620 253 1674; x_wconf 82' lang='lat' dir='ltr'><strong>Cum</strong></span> <span class='ocrx_word' id='word_1_137' title='bbox 270 1638 370 1674; x_wconf 87' lang='lat' dir='ltr'><strong>nomen</strong></span> <span class='ocrx_word' id='word_1_138' title='bbox 388 1622 517 1676; x_wconf 81' lang='lat' dir='ltr'><strong>Jebouab</strong></span> <span class='ocrx_word' id='word_1_139' title='bbox 535 1622 565 1675; x_wconf 91' lang='lat' dir='ltr'><strong>in</strong></span> <span class='ocrx_word' id='word_1_140' title='bbox 584 1622 681 1674; x_wconf 85' lang='lat' dir='ltr'><strong>eadem</strong></span> <span class='ocrx_word' id='word_1_141' title='bbox 698 1621 835 1674; x_wconf 85' lang='lat' dir='ltr'><strong>sententia</strong></span> <span class='ocrx_word' id='word_1_142' title='bbox 850 1620 936 1691; x_wconf 77' lang='lat' dir='ltr'><strong>caepit</strong></span> 
     </span>
     <span class='ocr_line' id='line_1_19' title="bbox 127 1690 922 1760; baseline 0.001 -17"><span class='ocrx_word' id='word_1_143' title='bbox 127 1691 225 1759; x_wconf 81' lang='lat' dir='ltr'><strong>etitur,</strong></span> <span class='ocrx_word' id='word_1_144' title='bbox 253 1690 421 1744; x_wconf 78' lang='lat' dir='ltr'><strong>Trinitatem</strong></span> <span class='ocrx_word' id='word_1_145' title='bbox 444 1691 553 1760; x_wconf 72' lang='lat' dir='ltr'><strong>arquit,</strong></span> <span class='ocrx_word' id='word_1_146' title='bbox 577 1690 657 1743; x_wconf 83' lang='lat' dir='ltr'><strong>Psoi.</strong></span> <span class='ocrx_word' id='word_1_147' title='bbox 679 1692 726 1755; x_wconf 81' lang='grc'><strong>67,</strong></span> <span class='ocrx_word' id='word_1_148' title='bbox 751 1691 772 1744; x_wconf 89' lang='lat'><strong>7.</strong></span> <span class='ocrx_word' id='word_1_149' title='bbox 792 1692 816 1747; x_wconf 87' lang='lat'><strong>8.</strong></span> <span class='ocrx_word' id='word_1_150' title='bbox 853 1691 922 1746; x_wconf 78' lang='lat' dir='ltr'><strong>Era.</strong></span> 
     </span>
     <span class='ocr_line' id='line_1_20' title="bbox 153 1758 936 1826; baseline -0.004 -13"><span class='ocrx_word' id='word_1_151' title='bbox 153 1801 159 1813; x_wconf 93' lang='lat'><strong>.</strong></span> <span class='ocrx_word' id='word_1_152' title='bbox 181 1759 354 1814; x_wconf 84' lang='lat' dir='ltr'><strong>Testimoniu</strong></span> <span class='ocrx_word' id='word_1_153' title='bbox 380 1759 531 1813; x_wconf 76' lang='lat' dir='ltr'><strong>Trinitatis</strong></span> <span class='ocrx_word' id='word_1_154' title='bbox 547 1775 736 1826; x_wconf 84' lang='lat' dir='ltr'><strong>personarum</strong></span> <span class='ocrx_word' id='word_1_155' title='bbox 761 1758 792 1811; x_wconf 89' lang='lat' dir='ltr'><strong>in</strong></span> <span class='ocrx_word' id='word_1_156' title='bbox 815 1775 875 1811; x_wconf 83' lang='lat' dir='ltr'><strong>nna</strong></span> <span class='ocrx_word' id='word_1_157' title='bbox 897 1758 936 1811; x_wconf 80' lang='lat' dir='ltr'><strong>int</strong></span> 
     </span>
     <span class='ocr_line' id='line_1_21' title="bbox 107 1826 936 1907; baseline -0.004 -25"><span class='ocrx_word' id='word_1_158' title='bbox 107 1828 227 1882; x_wconf 70' lang='lat' dir='ltr'><strong>mentia</strong></span> <span class='ocrx_word' id='word_1_159' title='bbox 250 1827 280 1881; x_wconf 91' lang='lat' dir='ltr'><strong>in</strong></span> <span class='ocrx_word' id='word_1_160' title='bbox 297 1845 368 1882; x_wconf 84' lang='lat' dir='ltr'><strong>acuo</strong></span> <span class='ocrx_word' id='word_1_161' title='bbox 395 1827 577 1881; x_wconf 69' lang='lat' dir='ltr'><strong>arctamenta</strong></span> <span class='ocrx_word' id='word_1_162' title='bbox 599 1834 664 1879; x_wconf 84' lang='lat' dir='ltr'><strong>sant</strong></span> <span class='ocrx_word' id='word_1_163' title='bbox 686 1826 860 1890; x_wconf 82' lang='lat' dir='ltr'><strong>iiluetrioru‚</strong></span> <span class='ocrx_word' id='word_1_164' title='bbox 883 1843 936 1907; x_wconf 72' lang='lat' dir='ltr'><strong>pua</strong></span> 
     </span>
     <span class='ocr_line' id='line_1_22' title="bbox 106 1894 924 1965; baseline -0.004 -12"><span class='ocrx_word' id='word_1_165' title='bbox 106 1896 202 1953; x_wconf 84' lang='lat' dir='ltr'><strong>veteri.</strong></span> <span class='ocrx_word' id='word_1_166' title='bbox 246 1896 383 1961; x_wconf 85' lang='lat' dir='ltr'><strong>Quoniam</strong></span> <span class='ocrx_word' id='word_1_167' title='bbox 408 1897 456 1951; x_wconf 85' lang='lat' dir='ltr'><strong>lux</strong></span> <span class='ocrx_word' id='word_1_168' title='bbox 477 1894 580 1950; x_wconf 88' lang='lat' dir='ltr'><strong>&#39;horum</strong></span> <span class='ocrx_word' id='word_1_169' title='bbox 609 1894 803 1965; x_wconf 81' lang='lat' dir='ltr'><strong>mysteriorum</strong></span> <span class='ocrx_word' id='word_1_170' title='bbox 826 1895 924 1951; x_wconf 75' lang='lat' dir='ltr'><strong>clarior</strong></span> 
     </span>
     <span class='ocr_line' id='line_1_23' title="bbox 106 1963 936 2054; baseline -0.004 -35"><span class='ocrx_word' id='word_1_171' title='bbox 106 1965 309 2021; x_wconf 79' lang='lat' dir='ltr'><strong>reservabatur.</strong></span> <span class='ocrx_word' id='word_1_172' title='bbox 343 1964 388 2020; x_wconf 91' lang='lat' dir='ltr'><strong>De</strong></span> <span class='ocrx_word' id='word_1_173' title='bbox 399 1964 461 2021; x_wconf 90' lang='lat' dir='ltr'><strong>Deo</strong></span> <span class='ocrx_word' id='word_1_174' title='bbox 478 1964 565 2054; x_wconf 67' lang='lat' dir='ltr'><strong>igitur</strong></span> <span class='ocrx_word' id='word_1_175' title='bbox 580 1963 621 2018; x_wconf 89' lang='lat' dir='ltr'><strong>ita</strong></span> <span class='ocrx_word' id='word_1_176' title='bbox 637 1963 813 2028; x_wconf 80' lang='lat' dir='ltr'><strong>credendum,</strong></span> <span class='ocrx_word' id='word_1_177' title='bbox 833 1963 936 2019; x_wconf 83' lang='lat' dir='ltr'><strong>sicuts</strong></span> 
     </span>
     <span class='ocr_line' id='line_1_24' title="bbox 105 2031 936 2102; baseline -0.005 -14"><span class='ocrx_word' id='word_1_178' title='bbox 105 2033 249 2089; x_wconf 83' lang='lat' dir='ltr'><strong>niiestavit</strong></span> <span class='ocrx_word' id='word_1_179' title='bbox 276 2035 305 2089; x_wconf 92' lang='lat' dir='ltr'><strong>in</strong></span> <span class='ocrx_word' id='word_1_180' title='bbox 333 2033 426 2090; x_wconf 85' lang='lat' dir='ltr'><strong>verbo.</strong></span> <span class='ocrx_word' id='word_1_181' title='bbox 472 2036 583 2087; x_wconf 75' lang='lat' dir='ltr'><strong>Irrrant</strong></span> <span class='ocrx_word' id='word_1_182' title='bbox 610 2032 696 2102; x_wconf 87' lang='lat' dir='ltr'><strong>igitur</strong></span> <span class='ocrx_word' id='word_1_183' title='bbox 721 2032 783 2087; x_wconf 89' lang='lat' dir='ltr'><strong>blas</strong></span> <span class='ocrx_word' id='word_1_184' title='bbox 802 2031 878 2087; x_wconf 90' lang='lat' dir='ltr'><strong>hemi</strong></span> <span class='ocrx_word' id='word_1_185' title='bbox 902 2031 936 2085; x_wconf 83' lang='lat' dir='ltr'><strong>Ja</strong></span> 
     </span>
     <span class='ocr_line' id='line_1_25' title="bbox 105 2050 936 2173; baseline -0.004 -16"><span class='ocrx_word' id='word_1_186' title='bbox 105 2103 262 2169; x_wconf 76' lang='lat' dir='ltr'><strong>Praeconi,</strong></span> <span class='ocrx_word' id='word_1_187' title='bbox 283 2102 525 2169; x_wconf 75' lang='lat' dir='ltr'><strong>Samoaatenianti,</strong></span> <span class='ocrx_word' id='word_1_188' title='bbox 545 2103 710 2173; x_wconf 74' lang='lat' dir='ltr'><strong>Nouatipni,</strong></span> <span class='ocrx_word' id='word_1_189' title='bbox 735 2050 902 2162; x_wconf 63' lang='lat' dir='ltr'><strong>sasbiliani,</strong></span> <span class='ocrx_word' id='word_1_190' title='bbox 920 2100 936 2154; x_wconf 90' lang='lat'><em>1</em></span> 
     </span>
     <span class='ocr_line' id='line_1_26' title="bbox 105 2168 936 2251; baseline -0.004 -26"><span class='ocrx_word' id='word_1_191' title='bbox 105 2171 251 2251; x_wconf 70' lang='lat' dir='ltr'><strong>Pontiani²</strong></span> <span class='ocrx_word' id='word_1_192' title='bbox 277 2171 445 2237; x_wconf 80' lang='lat' dir='ltr'><strong>Servetiani,</strong></span> <span class='ocrx_word' id='word_1_193' title='bbox 464 2171 639 2238; x_wconf 75' lang='lat' dir='ltr'><strong>Photiniani</strong></span> <span class='ocrx_word' id='word_1_194' title='bbox 666 2171 849 2236; x_wconf 83' lang='lat' dir='ltr'><strong>Eunomiuni,</strong></span> <span class='ocrx_word' id='word_1_195' title='bbox 868 2168 936 2223; x_wconf 84' lang='lat' dir='ltr'><strong>Anti</strong></span> 
     </span>
     <span class='ocr_line' id='line_1_27' title="bbox 106 2238 936 2309; baseline -0.007 -12"><span class='ocrx_word' id='word_1_196' title='bbox 106 2240 184 2307; x_wconf 79' lang='lat' dir='ltr'><strong>terii,</strong></span> <span class='ocrx_word' id='word_1_197' title='bbox 204 2256 253 2309; x_wconf 85' lang='lat' dir='ltr'><strong>qur</strong></span> <span class='ocrx_word' id='word_1_198' title='bbox 270 2240 343 2293; x_wconf 87' lang='lat' dir='ltr'><strong>sicut</strong></span> <span class='ocrx_word' id='word_1_199' title='bbox 360 2256 444 2294; x_wconf 88' lang='lat' dir='ltr'><strong>unam</strong></span> <span class='ocrx_word' id='word_1_200' title='bbox 467 2239 629 2303; x_wconf 85' lang='lat' dir='ltr'><strong>essentiam,</strong></span> <span class='ocrx_word' id='word_1_201' title='bbox 653 2238 695 2292; x_wconf 92' lang='lat' dir='ltr'><strong>ita</strong></span> <span class='ocrx_word' id='word_1_202' title='bbox 721 2244 749 2294; x_wconf 93' lang='lat' dir='ltr'><strong>et</strong></span> <span class='ocrx_word' id='word_1_203' title='bbox 773 2255 859 2293; x_wconf 89' lang='lat' dir='ltr'><strong>unam</strong></span> <span class='ocrx_word' id='word_1_204' title='bbox 874 2253 936 2308; x_wconf 83' lang='lat' dir='ltr'><strong>pers</strong></span> 
     </span>
     <span class='ocr_line' id='line_1_28' title="bbox 106 2304 936 2379; baseline -0.004 -17"><span class='ocrx_word' id='word_1_205' title='bbox 106 2323 168 2362; x_wconf 88' lang='lat' dir='ltr'><strong>esse</strong></span> <span class='ocrx_word' id='word_1_206' title='bbox 193 2313 333 2376; x_wconf 89' lang='lat' dir='ltr'><strong>asserunt,</strong></span> <span class='ocrx_word' id='word_1_207' title='bbox 356 2325 428 2378; x_wconf 86' lang='lat' dir='ltr'><strong>qnae</strong></span> <span class='ocrx_word' id='word_1_208' title='bbox 457 2309 512 2363; x_wconf 90' lang='lat' dir='ltr'><strong>alio</strong></span> <span class='ocrx_word' id='word_1_209' title='bbox 536 2312 620 2379; x_wconf 83' lang='lat' dir='ltr'><strong>atqua</strong></span> <span class='ocrx_word' id='word_1_210' title='bbox 645 2307 699 2362; x_wconf 92' lang='lat' dir='ltr'><strong>alio</strong></span> <span class='ocrx_word' id='word_1_211' title='bbox 725 2304 936 2362; x_wconf 85' lang='lat' dir='ltr'><strong>manifestationi</strong></span> 
     </span>
     <span class='ocr_line' id='line_1_29' title="bbox 107 2374 935 2446; baseline 0 -16"><span class='ocrx_word' id='word_1_212' title='bbox 107 2380 205 2446; x_wconf 88' lang='lat' dir='ltr'><strong>spectu</strong></span> <span class='ocrx_word' id='word_1_213' title='bbox 224 2375 306 2429; x_wconf 88' lang='lat' dir='ltr'><strong>modo</strong></span> <span class='ocrx_word' id='word_1_214' title='bbox 321 2376 475 2446; x_wconf 88' lang='lat' dir='ltr'><strong>appelletur</strong></span> <span class='ocrx_word' id='word_1_215' title='bbox 485 2377 578 2445; x_wconf 89' lang='lat' dir='ltr'><strong>Pater,</strong></span> <span class='ocrx_word' id='word_1_216' title='bbox 596 2376 678 2429; x_wconf 87' lang='lat' dir='ltr'><strong>modo</strong></span> <span class='ocrx_word' id='word_1_217' title='bbox 691 2375 789 2444; x_wconf 80' lang='lat' dir='ltr'><strong>Filius,</strong></span> <span class='ocrx_word' id='word_1_218' title='bbox 806 2376 889 2431; x_wconf 92' lang='lat' dir='ltr'><strong>modo</strong></span> <span class='ocrx_word' id='word_1_219' title='bbox 900 2374 935 2445; x_wconf 84' lang='lat' dir='ltr'><strong>Sp</strong></span> 
     </span>
     <span class='ocr_line' id='line_1_30' title="bbox 105 2442 936 2524; baseline 0 -26"><span class='ocrx_word' id='word_1_220' title='bbox 105 2451 226 2511; x_wconf 87' lang='lat' dir='ltr'><strong>sanctus,</strong></span> <span class='ocrx_word' id='word_1_221' title='bbox 240 2443 312 2497; x_wconf 89' lang='lat' dir='ltr'><strong>sicut</strong></span> <span class='ocrx_word' id='word_1_222' title='bbox 322 2462 396 2498; x_wconf 87' lang='lat' dir='ltr'><strong>unus</strong></span> <span class='ocrx_word' id='word_1_223' title='bbox 408 2451 436 2499; x_wconf 90' lang='lat' dir='ltr'><strong>et</strong></span> <span class='ocrx_word' id='word_1_224' title='bbox 448 2447 523 2500; x_wconf 90' lang='lat' dir='ltr'><strong>idem</strong></span> <span class='ocrx_word' id='word_1_225' title='bbox 533 2444 611 2499; x_wconf 89' lang='lat' dir='ltr'><strong>Deus</strong></span> <span class='ocrx_word' id='word_1_226' title='bbox 625 2462 701 2498; x_wconf 91' lang='lat' dir='ltr'><strong>nunc</strong></span> <span class='ocrx_word' id='word_1_227' title='bbox 713 2444 831 2514; x_wconf 84' lang='lat' dir='ltr'><strong>sapiens,</strong></span> <span class='ocrx_word' id='word_1_228' title='bbox 845 2442 936 2524; x_wconf 77' lang='lat' dir='ltr'><strong>nunoj</strong></span> 
     </span>
     <span class='ocr_line' id='line_1_31' title="bbox 106 2512 936 2568; baseline -0.001 -1"><span class='ocrx_word' id='word_1_229' title='bbox 106 2519 159 2567; x_wconf 91' lang='lat' dir='ltr'><strong>eto.</strong></span> <span class='ocrx_word' id='word_1_230' title='bbox 184 2512 300 2566; x_wconf 88' lang='lat' dir='ltr'><strong>dicatur.</strong></span> <span class='ocrx_word' id='word_1_231' title='bbox 340 2512 513 2568; x_wconf 86' lang='lat' dir='ltr'><strong>Monstrosae</strong></span> <span class='ocrx_word' id='word_1_232' title='bbox 542 2520 571 2568; x_wconf 91' lang='lat' dir='ltr'><strong>et</strong></span> <span class='ocrx_word' id='word_1_233' title='bbox 593 2513 738 2567; x_wconf 87' lang='lat' dir='ltr'><strong>abstrusae</strong></span> <span class='ocrx_word' id='word_1_234' title='bbox 764 2513 936 2567; x_wconf 84' lang='lat' dir='ltr'><strong>antitrinitan</strong></span> 
     </span>
     <span class='ocr_line' id='line_1_32' title="bbox 105 2580 936 2653; baseline 0 -17"><span class='ocrx_word' id='word_1_235' title='bbox 105 2586 203 2636; x_wconf 92' lang='lat' dir='ltr'><strong>contra</strong></span> <span class='ocrx_word' id='word_1_236' title='bbox 222 2581 395 2637; x_wconf 87' lang='lat' dir='ltr'><strong>adorandum</strong></span> <span class='ocrx_word' id='word_1_237' title='bbox 418 2583 470 2638; x_wconf 93' lang='lat' dir='ltr'><strong>hoc</strong></span> <span class='ocrx_word' id='word_1_238' title='bbox 494 2582 627 2638; x_wconf 84' lang='lat' dir='ltr'><strong>trinitatis</strong></span> <span class='ocrx_word' id='word_1_239' title='bbox 646 2581 808 2652; x_wconf 87' lang='lat' dir='ltr'><strong>mysterium</strong></span> <span class='ocrx_word' id='word_1_240' title='bbox 833 2580 936 2653; x_wconf 82' lang='lat' dir='ltr'><strong>argutia</strong></span> 
     </span>
     <span class='ocr_line' id='line_1_33' title="bbox 105 2649 936 2722; baseline -0.001 -18"><span class='ocrx_word' id='word_1_241' title='bbox 105 2651 162 2705; x_wconf 90' lang='lat' dir='ltr'><strong>tius</strong></span> <span class='ocrx_word' id='word_1_242' title='bbox 182 2650 354 2721; x_wconf 84' lang='lat' dir='ltr'><strong>ignorantur,</strong></span> <span class='ocrx_word' id='word_1_243' title='bbox 376 2669 459 2722; x_wconf 87' lang='lat' dir='ltr'><strong>quam</strong></span> <span class='ocrx_word' id='word_1_244' title='bbox 476 2667 541 2705; x_wconf 91' lang='lat' dir='ltr'><strong>cum</strong></span> <span class='ocrx_word' id='word_1_245' title='bbox 557 2650 688 2704; x_wconf 88' lang='lat' dir='ltr'><strong>scandalo</strong></span> <span class='ocrx_word' id='word_1_246' title='bbox 702 2649 846 2720; x_wconf 85' lang='lat' dir='ltr'><strong>juventuti</strong></span> <span class='ocrx_word' id='word_1_247' title='bbox 862 2666 936 2720; x_wconf 71' lang='lat' dir='ltr'><strong>propr</strong></span> 
     </span>
     <span class='ocr_line' id='line_1_34' title="bbox 105 2718 931 2801; baseline -0.002 -28"><span class='ocrx_word' id='word_1_248' title='bbox 105 2725 167 2787; x_wconf 82' lang='lat' dir='ltr'><strong>tur3</strong></span> <span class='ocrx_word' id='word_1_249' title='bbox 195 2718 343 2801; x_wconf 79' lang='lat' dir='ltr'><strong>plerasque</strong></span> <span class='ocrx_word' id='word_1_250' title='bbox 365 2725 424 2774; x_wconf 88' lang='lat' dir='ltr'><strong>tam</strong></span> <span class='ocrx_word' id='word_1_251' title='bbox 441 2725 580 2786; x_wconf 81' lang='lat' dir='ltr'><strong>veterum,</strong></span> <span class='ocrx_word' id='word_1_252' title='bbox 626 2735 691 2773; x_wconf 90' lang='lat' dir='ltr'><strong>uam</strong></span> <span class='ocrx_word' id='word_1_253' title='bbox 710 2718 877 2787; x_wconf 90' lang='lat' dir='ltr'><strong>recentium,</strong></span> <span class='ocrx_word' id='word_1_254' title='bbox 900 2723 931 2772; x_wconf 91' lang='lat' dir='ltr'><strong>ut</strong></span> 
     </span>
     <span class='ocr_line' id='line_1_35' title="bbox 106 2786 936 2857; baseline -0.005 -13"><span class='ocrx_word' id='word_1_255' title='bbox 106 2787 224 2857; x_wconf 83' lang='lat' dir='ltr'><strong>Servati,</strong></span> <span class='ocrx_word' id='word_1_256' title='bbox 243 2787 350 2857; x_wconf 87' lang='lat' dir='ltr'><strong>Ochmi,</strong></span> <span class='ocrx_word' id='word_1_257' title='bbox 367 2788 544 2851; x_wconf 87' lang='lat' dir='ltr'><strong>Blandratae‚</strong></span> <span class='ocrx_word' id='word_1_258' title='bbox 560 2788 594 2843; x_wconf 87' lang='lat' dir='ltr'><strong>fr.</strong></span> <span class='ocrx_word' id='word_1_259' title='bbox 640 2787 738 2855; x_wconf 85' lang='lat' dir='ltr'><strong>avidis,</strong></span> <span class='ocrx_word' id='word_1_260' title='bbox 757 2787 859 2855; x_wconf 83' lang='lat' dir='ltr'><strong>Socini,</strong></span> <span class='ocrx_word' id='word_1_261' title='bbox 880 2786 936 2842; x_wconf 81' lang='lat' dir='ltr'><strong>osa</strong></span> 
     </span>
     <span class='ocr_line' id='line_1_36' title="bbox 105 2855 936 2927; baseline -0.001 -15"><span class='ocrx_word' id='word_1_262' title='bbox 105 2856 279 2924; x_wconf 85' lang='lat' dir='ltr'><strong>Schmaltzii‚</strong></span> <span class='ocrx_word' id='word_1_263' title='bbox 306 2855 403 2911; x_wconf 91' lang='lat' dir='ltr'><strong>horum</strong></span> <span class='ocrx_word' id='word_1_264' title='bbox 425 2875 459 2912; x_wconf 89' lang='lat' dir='ltr'><strong>ue</strong></span> <span class='ocrx_word' id='word_1_265' title='bbox 482 2856 662 2927; x_wconf 82' lang='lat' dir='ltr'><strong>complicum,</strong></span> <span class='ocrx_word' id='word_1_266' title='bbox 685 2855 821 2910; x_wconf 85' lang='lat' dir='ltr'><strong>refutatas</strong></span> <span class='ocrx_word' id='word_1_267' title='bbox 846 2855 936 2911; x_wconf 86' lang='lat' dir='ltr'><strong>inveni</strong></span> 
     </span>
     <span class='ocr_line' id='line_1_37' title="bbox 105 2874 930 2989; baseline -0.004 -8"><span class='ocrx_word' id='word_1_268' title='bbox 105 2926 275 2981; x_wconf 79' lang='lat' dir='ltr'><strong>Antieocino</strong></span> <span class='ocrx_word' id='word_1_269' title='bbox 293 2874 424 2981; x_wconf 66' lang='lat' dir='ltr'><strong>manooi.</strong></span> <span class='ocrx_word' id='word_1_270' title='bbox 439 2931 513 2989; x_wconf 78' lang='lat'>1612,</span> <span class='ocrx_word' id='word_1_271' title='bbox 533 2925 597 2980; x_wconf 90' lang='lat' dir='ltr'><strong>edit.</strong></span> <span class='ocrx_word' id='word_1_272' title='bbox 617 2925 683 2979; x_wconf 90' lang='lat' dir='ltr'><strong>item</strong></span> <span class='ocrx_word' id='word_1_273' title='bbox 699 2925 729 2978; x_wconf 91' lang='lat' dir='ltr'><strong>in</strong></span> <span class='ocrx_word' id='word_1_274' title='bbox 740 2923 810 2980; x_wconf 89' lang='lat' dir='ltr'><strong>libb.</strong></span> <span class='ocrx_word' id='word_1_275' title='bbox 830 2925 930 2979; x_wconf 86' lang='lat' dir='ltr'><strong>Jooiue</strong></span> 
     </span>
     <span class='ocr_line' id='line_1_38' title="bbox 104 2992 936 3063; baseline -0.004 -15"><span class='ocrx_word' id='word_1_276' title='bbox 104 2993 175 3048; x_wconf 86' lang='lat' dir='ltr'><strong>ierii</strong></span> <span class='ocrx_word' id='word_1_277' title='bbox 199 2995 234 3048; x_wconf 88' lang='lat' dir='ltr'><strong>de</strong></span> <span class='ocrx_word' id='word_1_278' title='bbox 256 2999 368 3049; x_wconf 81' lang='lat' dir='ltr'><strong>aeterno</strong></span> <span class='ocrx_word' id='word_1_279' title='bbox 393 2993 449 3049; x_wconf 90' lang='lat' dir='ltr'><strong>Dei</strong></span> <span class='ocrx_word' id='word_1_280' title='bbox 475 2993 540 3048; x_wconf 87' lang='lat' dir='ltr'><strong>filio.</strong></span> <span class='ocrx_word' id='word_1_281' title='bbox 586 2996 624 3048; x_wconf 93' lang='lat' dir='ltr'><strong>D.</strong></span> <span class='ocrx_word' id='word_1_282' title='bbox 643 2995 746 3047; x_wconf 80' lang='lat' dir='ltr'><strong>Franz.</strong></span> <span class='ocrx_word' id='word_1_283' title='bbox 767 2992 902 3063; x_wconf 85' lang='lat' dir='ltr'><strong>disputat.</strong></span> <span class='ocrx_word' id='word_1_284' title='bbox 929 3008 936 3045; x_wconf 79' lang='lat' dir='ltr'><strong>s</strong></span> 
     </span>
     <span class='ocr_line' id='line_1_39' title="bbox 105 3059 927 3131; baseline 0.001 -13"><span class='ocrx_word' id='word_1_285' title='bbox 105 3060 253 3119; x_wconf 80' lang='lat' dir='ltr'><strong>Schmaltu.</strong></span> <span class='ocrx_word' id='word_1_286' title='bbox 294 3066 333 3117; x_wconf 90' lang='lat' dir='ltr'><strong>D.</strong></span> <span class='ocrx_word' id='word_1_287' title='bbox 357 3060 486 3117; x_wconf 81' lang='lat' dir='ltr'><strong>Graruer.</strong></span> <span class='ocrx_word' id='word_1_288' title='bbox 512 3078 598 3116; x_wconf 84' lang='lat' dir='ltr'><strong>exam.</strong></span> <span class='ocrx_word' id='word_1_289' title='bbox 624 3061 743 3131; x_wconf 85' lang='lat' dir='ltr'><strong>Sophist.</strong></span> <span class='ocrx_word' id='word_1_290' title='bbox 767 3059 927 3119; x_wconf 78' lang='lat' dir='ltr'><strong>Photinian</strong></span> 
     </span>
     <span class='ocr_line' id='line_1_40' title="bbox 105 3130 936 3200; baseline 0.001 -16"><span class='ocrx_word' id='word_1_291' title='bbox 105 3130 288 3188; x_wconf 76' lang='lat' dir='ltr'><strong>dimertation.</strong></span> <span class='ocrx_word' id='word_1_292' title='bbox 316 3147 399 3186; x_wconf 89' lang='lat' dir='ltr'><strong>error.</strong></span> <span class='ocrx_word' id='word_1_293' title='bbox 423 3131 459 3186; x_wconf 86' lang='lat' dir='ltr'><strong>de</strong></span> <span class='ocrx_word' id='word_1_294' title='bbox 483 3130 663 3184; x_wconf 83' lang='lat' dir='ltr'><strong>satisfaction.</strong></span> <span class='ocrx_word' id='word_1_295' title='bbox 685 3130 775 3185; x_wconf 81' lang='lat' dir='ltr'><strong>Sosin.</strong></span> <span class='ocrx_word' id='word_1_296' title='bbox 816 3133 856 3184; x_wconf 93' lang='lat' dir='ltr'><strong>D.</strong></span> <span class='ocrx_word' id='word_1_297' title='bbox 878 3131 936 3200; x_wconf 58' lang='lat' dir='ltr'><strong>Stoi</strong></span> 
     </span>
     <span class='ocr_line' id='line_1_41' title="bbox 104 3197 936 3280; baseline 0.002 -27"><span class='ocrx_word' id='word_1_298' title='bbox 104 3197 309 3269; x_wconf 84' lang='lat' dir='ltr'><strong>photinianism.</strong></span> <span class='ocrx_word' id='word_1_299' title='bbox 328 3216 382 3280; x_wconf 86' lang='lat' dir='ltr'><strong>quo</strong></span> <span class='ocrx_word' id='word_1_300' title='bbox 400 3199 519 3254; x_wconf 90' lang='lat' dir='ltr'><strong>remitto.</strong></span> <span class='ocrx_word' id='word_1_301' title='bbox 557 3200 681 3253; x_wconf 82' lang='lat' dir='ltr'><strong>Observa</strong></span> <span class='ocrx_word' id='word_1_302' title='bbox 704 3198 750 3253; x_wconf 91' lang='lat' dir='ltr'><strong>hic</strong></span> <span class='ocrx_word' id='word_1_303' title='bbox 777 3205 800 3254; x_wconf 92' lang='lat' dir='ltr'><strong>l.</strong></span> <span class='ocrx_word' id='word_1_304' title='bbox 821 3198 936 3255; x_wconf 78' lang='lat' dir='ltr'><strong>diffemr</strong></span> 
     </span>
     <span class='ocr_line' id='line_1_42' title="bbox 107 3266 936 3341; baseline 0.001 -19"><span class='ocrx_word' id='word_1_305' title='bbox 107 3266 181 3323; x_wconf 85' lang='lat' dir='ltr'><strong>nitas</strong></span> <span class='ocrx_word' id='word_1_306' title='bbox 201 3274 229 3325; x_wconf 89' lang='lat' dir='ltr'><strong>et</strong></span> <span class='ocrx_word' id='word_1_307' title='bbox 245 3266 401 3339; x_wconf 74' lang='lat' dir='ltr'><strong>triplicitas.</strong></span> <span class='ocrx_word' id='word_1_308' title='bbox 436 3266 550 3339; x_wconf 86' lang='lat' dir='ltr'><strong>Triplex</strong></span> <span class='ocrx_word' id='word_1_309' title='bbox 564 3267 674 3338; x_wconf 87' lang='lat' dir='ltr'><strong>dicitur,</strong></span> <span class='ocrx_word' id='word_1_310' title='bbox 692 3267 766 3340; x_wconf 88' lang='lat' dir='ltr'><strong>quod</strong></span> <span class='ocrx_word' id='word_1_311' title='bbox 784 3274 826 3322; x_wconf 88' lang='lat' dir='ltr'><strong>est</strong></span> <span class='ocrx_word' id='word_1_312' title='bbox 837 3284 936 3341; x_wconf 87' lang='lat' dir='ltr'><strong>compo</strong></span> 
     </span>
    </p>
   </div>
   <div class='ocr_carea' id='block_1_6' title="bbox 0 0 1130 3772">
    <p class='ocr_par' dir='ltr' id='par_1_7' title="bbox 0 0 1130 3772">
     <span class='ocr_line' id='line_1_43' title="bbox 0 0 1130 3772; baseline 0 0"><span class='ocrx_word' id='word_1_313' title='bbox 0 0 1130 3772; x_wconf 95' lang='lat' dir='ltr'><strong> </strong></span> 
     </span>
    </p>
   </div>
  </div>
 </body>
</html>
