2250 3772
103 245 169 327 548
271 242 378 332 Caput
398 247 439 313 V.
483 247 536 311 De
558 267 659 311 coena
677 246 849 315 dominica,

213 414 262 479 21.
306 414 472 499 Numquid
492 428 520 479 et
541 416 718 480 diluendum
740 429 785 481 est
807 418 909 502 aquei

88 502 92 509 ¹
192 515 277 582 Nori.
309 515 362 579 De
383 515 443 579 hac
465 515 624 600 siquidem
641 515 799 584 mixtione
817 519 936 584 nullum
952 519 994 583 hs·

107 602 219 665 bemus
241 601 425 664 mandatum
454 599 488 664 in
508 601 614 666 verbis
633 600 853 671 institutionis.
893 606 932 670 Ε.
952 624 996 668 nco

67 726 69 733 ·
108 685 232 751 curiose
253 684 452 749 attendenda.

177 805 307 871 (Errant
321 802 407 872 igitur
422 802 576 872 pontificii,
601 802 650 884 qui
668 803 764 858 vinum
785 805 817 860 in
840 806 927 863 calice
942 822 999 879 aqut

108 872 217 927 misceri
231 876 290 925 tam
306 871 491 925 necessarium
509 887 568 926 esse
588 871 725 937 dictitant,
744 877 778 926 ut
795 891 849 931 nec
862 876 925 932 sine
939 874 1001 949 graii

128 945 224 996 eccato
242 939 332 994 omitti
348 939 443 1010 possit.
482 941 564 994 Trid.
582 941 681 997 roura.
698 959 764 998 sess.
787 948 830 999 22.
848 960 874 1002 c.
894 950 918 1000 ’1.
949 945 1001 998 Bel

104 960 221 1064 larmir.
241 1008 259 1061 l.
280 1014 305 1064 4.
323 1008 359 1062 de
379 1025 493 1062 sacram.
534 1007 689 1063 Eucharist.
709 1027 731 1063 c.
753 1016 794 1066 10.
817 1019 857 1068 11.
882 1018 904 1070 1.
922 1020 946 1070 3.
964 1011 1001 1068 col

110 1084 167 1134 688.
184 1077 215 1132 C.
249 1076 290 1129 At
308 1076 347 1130 sic
364 1076 518 1131 necessario
537 1076 591 1130 tria
605 1078 816 1148 requirerentur
835 1081 1002 1136 elementali

108 1166 131 1200 s.
148 1161 249 1201 coena:
269 1145 349 1214 panis
373 1145 468 1198 vinum
486 1149 515 1199 et
531 1162 611 1216 aqua.
646 1147 806 1201 Absonum!
827 1150 912 1204 Natu
932 1151 1003 1205 ortu

111 1224 133 1271 1.
153 1214 310 1284 exemplum
327 1185 438 1270 chisti.
480 1214 562 1266 reem
581 1213 648 1268 ibic.
668 1213 810 1270 omum
832 1219 909 1273 enim
925 1220 1002 1273 enar

104 1301 181 1355 aqua
196 1283 314 1336 dilutum
333 1298 506 1337 consecrasse
524 1299 558 1337 ex
568 1282 683 1337 historia
693 1285 859 1355 evangelica
878 1303 1002 1359 nunquan

106 1351 278 1424 probabitur.
314 1357 337 1408 2.
357 1352 431 1404 Dato
451 1366 511 1404 esse
528 1351 641 1419 factum,
658 1368 709 1422 pro
727 1369 804 1408 more
822 1355 958 1410 duntaxm
971 1372 1001 1410 rs-

104 1421 198 1492 gionis
215 1420 310 1487 istius,
328 1419 364 1473 ob
382 1418 449 1472 vina
463 1419 579 1474 fortiora
596 1419 714 1488 factum,
742 1427 771 1475 et
789 1423 832 1477 sic
850 1432 894 1480 est
911 1423 1001 1478 inditio

109 1506 180 1544 rens.
216 1495 240 1545 3.
262 1487 453 1543 Alexandrum
470 1487 492 1540 Ι.
517 1488 592 1542 circa
616 1505 719 1543 annum
743 1488 849 1546 Christi
880 1499 928 1550 114
949 1493 1001 1547 hocs

106 1557 283 1613 constituisse
305 1558 429 1612 referunt
446 1557 579 1624 Platioo,
595 1575 622 1627 p.
644 1563 684 1613 11.
703 1575 728 1612 a.
746 1563 775 1612 et
792 1561 859 1617 Pol.
883 1563 956 1631 Vr'rp.
974 1561 1000 1614 (le

20 1666 29 1685 .
106 1627 212 1681 invent.
228 1643 280 1680 rer.
297 1626 315 1680 l
333 1632 356 1680 5.
375 1642 398 1680 c.
418 1630 458 1679 10.
477 1644 503 1695 p.
523 1631 581 1680 446.
617 1625 680 1690 Qua
696 1626 789 1681 fronte
808 1627 841 1683 E.
861 1630 939 1703 origo
954 1630 999 1700 ejut

128 1695 251 1749 rimaeva
275 1695 311 1748 ad
340 1692 480 1748 Christum
506 1692 660 1748 referetur?
696 1695 749 1750 Nil
775 1697 869 1752 obstat
896 1706 920 1755 2.
941 1694 999 1770 quod

106 1714 145 1819 ie
177 1765 264 1818 latere
294 1762 396 1817 Christi
428 1761 566 1817 effluxisse
598 1762 699 1817 dicitur
764 1782 804 1819 ua
837 1774 866 1821 et
896 1766 997 1838 sanguis,

108 1833 177 1887 Jot.
196 1837 238 1895 19,
256 1835 300 1888 34.
336 1781 782 1890 Bellarm.c.1o.ccl.ost.⁹h.
819 1834 874 1890 Sco
895 1854 928 1892 ae
942 1834 997 1891 enlm

108 1902 261 1956 dissolutae
291 1906 362 1954 sunt.
406 1899 470 1954 Non
497 1898 570 1952 enim
597 1917 671 1971 aqua
697 1907 726 1956 et
749 1901 847 1957 vinum
871 1855 906 1959 ie
929 1906 996 1958 latere

109 1970 215 2028 Christi
240 1969 383 2040 profluxit,
411 1967 446 2022 de
471 1969 551 2037 cujus
576 1970 775 2024 temeratione
802 1971 849 2027 hic
868 1973 996 2044 quaeritur,

109 2041 161 2094 sed
175 2056 250 2110 aqua
267 2046 295 2094 et
314 2035 436 2108 sanguis.
472 2041 496 2091 2.
517 2038 602 2106 Aqua
623 2038 633 2090 i
693 2038 730 2092 ba
751 2038 877 2109 tismum,
903 2039 995 2112 sangui

109 2126 175 2164 vero
194 2124 309 2162 coenam
325 2107 406 2160 Dom.
425 2104 446 2157 si
489 2104 598 2159 'cavit
634 2106 709 2161 Illud
728 2057 835 2173 lvonis,
855 2105 994 2180 epistolul

111 2177 244 2246 Haymer.
263 2177 292 2229 in
314 2173 438 2229 biblioth.
480 2173 513 2227 P.
533 2179 552 2227 t.
574 2181 597 2228 l.
615 2175 667 2229 col.
687 2181 745 2230 408.
767 2184 799 2231 Α.
836 2178 994 2249 Herculi.

112 2246 147 2300 de
163 2245 263 2309 anima,
279 2260 303 2296 c.
317 2249 340 2297 5.
358 2247 377 2296 t.
393 2248 416 2296 2.
437 2247 535 2311 p.12'1.
571 2244 672 2300 Pascit.
691 2244 769 2313 epist
789 2247 826 2299 ad
843 2243 994 2318 smtegm

109 2312 176 2369 bibl.
193 2312 250 2366 ΡΡ.
268 2317 287 2365 t.
306 2317 330 2366 5.
350 2311 400 2366 col.
419 2317 476 2365 285.
492 2313 535 2364 A:
567 2312 630 2365 Hoc
648 2313 750 2366 bibitio·
767 2331 801 2367 ec
815 2317 921 2386 calice,
938 2312 995 2385 quod

104 2382 190 2452 fluuit
207 2383 242 2434 de
257 2380 363 2435 Christi
379 2381 414 2433 de
426 2380 522 2446 latere,
541 2381 774 2450 synecdochicum
794 2391 846 2452 est,
864 2390 892 2439 et
908 2388 994 2440 tantm

109 2455 238 2520 respectu
256 2448 399 2514 sanguinis
418 2447 526 2504 dicitur.
560 2448 742 2504 Ratiunculas
758 2452 993 2521 pontificiorumre·

110 2519 202 2591 liquas
221 2519 359 2585 recitasse,
376 2521 420 2572 est
435 2515 589 2584 refutasse.)

132 2657 184 2722 22.
204 2659 304 2720 Estne
324 2660 428 2720 viuum
449 2655 483 2719 in
502 2653 654 2719 calicibus
668 2655 831 2721 inauratis
854 2660 981 2723 exhiben-

212 2744 294 2817 dum,
317 2764 358 2804 an
379 2745 412 2803 in
432 2740 557 2825 poculis
578 2739 693 2825 ligneis
713 2741 764 2804 vel
786 2742 919 2807 vitreis?

197 2841 272 2922 Quo
302 2841 418 2928 poculo
447 2840 592 2906 Christus
621 2840 655 2905 in
682 2863 782 2906 coena
807 2865 887 2909 usus
913 2841 996 2916 ficit

112 2927 147 2991 in
163 2927 270 2992 verbis
293 2925 503 2990 institutionis
529 2949 594 2991 non
623 2925 820 3012 exprimitur.
864 2929 947 3012 Quia
964 2940 997 2991 ta·

112 3035 186 3076 men
219 3016 246 3080 1.
269 3034 329 3077 nec
360 3011 474 3076 calices
505 3011 668 3076 inauratos
688 3011 870 3110 prohibuit,
899 3037 954 3081 neo
976 3011 996 3074 2.

112 3097 256 3175 aliorum,
278 3100 495 3183 cujuscunque
512 3096 576 3159 siut
588 3107 740 3161 materiae
755 3108 787 3160 et
801 3097 931 3179 formae,
947 3099 997 3162 sire

114 3181 229 3267 lignei,
251 3183 318 3247 sive
339 3181 445 3258 vitrei,
473 3181 539 3246 sive
558 3181 717 3267 argentei,
739 3180 807 3246 sive
829 3186 935 3272 cuprei
953 3196 996 3248 etc

114 3266 193 3344 sint,
221 3290 314 3331 usum
341 3266 525 3353 praecepit;
557 3266 669 3331 merito
699 3289 740 3331 ex
767 3266 914 3338 libertate
934 3265 997 3335 chi·
