<?xml version="1.0" encoding="UTF-8"?>
<!DOCTYPE html PUBLIC "-//W3C//DTD XHTML 1.0 Transitional//EN"
    "http://www.w3.org/TR/xhtml1/DTD/xhtml1-transitional.dtd">
<html xmlns="http://www.w3.org/1999/xhtml" xml:lang="en" lang="en">
 <head>
  <title>
</title>
<meta http-equiv="Content-Type" content="text/html;charset=utf-8" />
  <meta name='ocr-system' content='tesseract 3.04.00' />
  <meta name='ocr-capabilities' content='ocr_page ocr_carea ocr_par ocr_line ocrx_word'/>
</head>
<body>
  <div class='ocr_page' id='page_1' title='image "./dconradidieteri00dietgoog_0184.png"; bbox 0 0 2250 3772; ppageno 0'>
   <div class='ocr_carea' id='block_1_1' title="bbox 379 243 1023 332">
    <p class='ocr_par' dir='ltr' id='par_1_1' title="bbox 379 243 1023 332">
     <span class='ocr_line' id='line_1_1' title="bbox 379 243 1023 332; baseline -0.005 -20"><span class='ocrx_word' id='word_1_1' title='bbox 379 246 432 312; x_wconf 86' lang='lat' dir='ltr'>De</span> <span class='ocrx_word' id='word_1_2' title='bbox 453 245 638 332; x_wconf 88' lang='lat' dir='ltr'>impletione</span> <span class='ocrx_word' id='word_1_3' title='bbox 657 244 749 330; x_wconf 84' lang='lat' dir='ltr'>legis.</span> <span class='ocrx_word' id='word_1_4' title='bbox 962 243 1023 310; x_wconf 80' lang='lat'>151</span> 
     </span>
    </p>
   </div>
   <div class='ocr_carea' id='block_1_2' title="bbox 58 406 1074 756">
    <p class='ocr_par' dir='ltr' id='par_1_2' title="bbox 58 406 1074 756">
     <span class='ocr_line' id='line_1_2' title="bbox 146 406 1074 490; baseline -0.002 -23"><span class='ocrx_word' id='word_1_5' title='bbox 146 406 183 490; x_wconf 69' lang='lat' dir='ltr'>itt.</span> <span class='ocrx_word' id='word_1_6' title='bbox 196 411 306 482; x_wconf 77' lang='lat' dir='ltr'>Esaiam,</span> <span class='ocrx_word' id='word_1_7' title='bbox 327 416 400 469; x_wconf 75' lang='lat' dir='ltr'>Era.</span> <span class='ocrx_word' id='word_1_8' title='bbox 416 416 459 481; x_wconf 78' lang='grc'>64,</span> <span class='ocrx_word' id='word_1_9' title='bbox 479 416 506 481; x_wconf 84' lang='grc'>6,</span> <span class='ocrx_word' id='word_1_10' title='bbox 530 417 559 467; x_wconf 88' lang='lat' dir='ltr'>et</span> <span class='ocrx_word' id='word_1_11' title='bbox 575 412 726 480; x_wconf 82' lang='lat' dir='ltr'><strong>Davidem,</strong></span> <span class='ocrx_word' id='word_1_12' title='bbox 750 414 830 466; x_wconf 84' lang='lat' dir='ltr'>Psel.</span> <span class='ocrx_word' id='word_1_13' title='bbox 849 416 893 480; x_wconf 77' lang='lat'>19,</span> <span class='ocrx_word' id='word_1_14' title='bbox 910 416 954 465; x_wconf 83' lang='lat'>13.</span> <span class='ocrx_word' id='word_1_15' title='bbox 989 411 1026 465; x_wconf 91' lang='lat' dir='ltr'>In</span> <span class='ocrx_word' id='word_1_16' title='bbox 1072 450 1074 454; x_wconf 89' lang='lat'>-</span> 
     </span>
     <span class='ocr_line' id='line_1_3' title="bbox 146 476 1025 547; baseline -0.005 -10"><span class='ocrx_word' id='word_1_17' title='bbox 146 476 179 531; x_wconf 78' lang='lat'>111⁸</span> <span class='ocrx_word' id='word_1_18' title='bbox 193 487 272 537; x_wconf 81' lang='lat' dir='ltr'>num</span> <span class='ocrx_word' id='word_1_19' title='bbox 289 483 377 537; x_wconf 84' lang='lat' dir='ltr'>tacita</span> <span class='ocrx_word' id='word_1_20' title='bbox 391 481 476 537; x_wconf 87' lang='lat' dir='ltr'>etiam</span> <span class='ocrx_word' id='word_1_21' title='bbox 495 481 651 537; x_wconf 85' lang='lat' dir='ltr'>continetur</span> <span class='ocrx_word' id='word_1_22' title='bbox 670 482 759 536; x_wconf 80' lang='lat' dir='ltr'>illatio</span> <span class='ocrx_word' id='word_1_23' title='bbox 777 499 794 535; x_wconf 86' lang='lat' dir='ltr'>a</span> <span class='ocrx_word' id='word_1_24' title='bbox 812 481 910 547; x_wconf 75' lang='lat' dir='ltr'>maiori</span> <span class='ocrx_word' id='word_1_25' title='bbox 927 481 963 535; x_wconf 89' lang='lat' dir='ltr'>ad</span> <span class='ocrx_word' id='word_1_26' title='bbox 974 480 1025 533; x_wconf 92' lang='lat' dir='ltr'>mi-</span> 
     </span>
     <span class='ocr_line' id='line_1_4' title="bbox 146 538 1025 621; baseline 0.003 -23"><span class='ocrx_word' id='word_1_27' title='bbox 146 563 194 600; x_wconf 85' lang='lat' dir='ltr'>nus:</span> <span class='ocrx_word' id='word_1_28' title='bbox 211 550 230 605; x_wconf 85' lang='lat' dir='ltr'>si</span> <span class='ocrx_word' id='word_1_29' title='bbox 244 550 290 606; x_wconf 90' lang='lat' dir='ltr'>isti</span> <span class='ocrx_word' id='word_1_30' title='bbox 306 550 405 614; x_wconf 87' lang='lat' dir='ltr'>sancti,</span> <span class='ocrx_word' id='word_1_31' title='bbox 424 550 472 621; x_wconf 94' lang='lat' dir='ltr'>qui</span> <span class='ocrx_word' id='word_1_32' title='bbox 491 549 604 605; x_wconf 89' lang='lat' dir='ltr'>fuerunt</span> <span class='ocrx_word' id='word_1_33' title='bbox 622 550 675 604; x_wconf 85' lang='lat' dir='ltr'>viri</span> <span class='ocrx_word' id='word_1_34' title='bbox 689 553 771 620; x_wconf 86' lang='lat' dir='ltr'>juxta</span> <span class='ocrx_word' id='word_1_35' title='bbox 788 568 835 605; x_wconf 91' lang='lat' dir='ltr'>cor</span> <span class='ocrx_word' id='word_1_36' title='bbox 852 538 914 618; x_wconf 86' lang='lat' dir='ltr'>Dei,</span> <span class='ocrx_word' id='word_1_37' title='bbox 933 548 1025 603; x_wconf 90' lang='lat' dir='ltr'>istius·</span> 
     </span>
     <span class='ocr_line' id='line_1_5' title="bbox 58 618 1025 744; baseline -0.005 -68"><span class='ocrx_word' id='word_1_38' title='bbox 58 624 65 649; x_wconf 83' lang='lat'>&#39;·</span> <span class='ocrx_word' id='word_1_39' title='bbox 145 618 200 699; x_wconf 70' lang='lat' dir='ltr'>m⁰dl</span> <span class='ocrx_word' id='word_1_40' title='bbox 212 619 430 744; x_wconf 67' lang='lat' dir='ltr'>irplpprfectiones</span> <span class='ocrx_word' id='word_1_41' title='bbox 446 619 475 672; x_wconf 92' lang='lat' dir='ltr'>in</span> <span class='ocrx_word' id='word_1_42' title='bbox 495 635 525 673; x_wconf 89' lang='lat' dir='ltr'>se</span> <span class='ocrx_word' id='word_1_43' title='bbox 542 619 667 673; x_wconf 89' lang='lat' dir='ltr'>sentiunt</span> <span class='ocrx_word' id='word_1_44' title='bbox 685 624 713 673; x_wconf 89' lang='lat' dir='ltr'>et</span> <span class='ocrx_word' id='word_1_45' title='bbox 736 620 896 688; x_wconf 83' lang='lat' dir='ltr'>deplorant,</span> <span class='ocrx_word' id='word_1_46' title='bbox 920 624 1025 689; x_wconf 85' lang='lat' dir='ltr'>quanto</span> 
     </span>
     <span class='ocr_line' id='line_1_6' title="bbox 81 689 286 756; baseline -0.015 -19"><span class='ocrx_word' id='word_1_47' title='bbox 81 730 84 737; x_wconf 95' lang='lat'><em>.</em></span> <span class='ocrx_word' id='word_1_48' title='bbox 145 699 210 756; x_wconf 81' lang='lat' dir='ltr'>nugs</span> <span class='ocrx_word' id='word_1_49' title='bbox 260 689 286 756; x_wconf 83' lang='lat'>‘)</span> 
     </span>
    </p>
   </div>
   <div class='ocr_carea' id='block_1_3' title="bbox 58 802 1027 906">
    <p class='ocr_par' dir='ltr' id='par_1_3' title="bbox 58 802 1027 906">
     <span class='ocr_line' id='line_1_7' title="bbox 58 802 1027 906; baseline -0.001 -39"><span class='ocrx_word' id='word_1_50' title='bbox 58 802 70 906; x_wconf 55' lang='grc' dir='ltr'><strong><em>ζ</em></strong></span> <span class='ocrx_word' id='word_1_51' title='bbox 142 802 164 866; x_wconf 81' lang='grc'>5.</span> <span class='ocrx_word' id='word_1_52' title='bbox 175 807 206 869; x_wconf 84' lang='lat' dir='ltr'>Iu</span> <span class='ocrx_word' id='word_1_53' title='bbox 219 831 274 891; x_wconf 80' lang='lat' dir='ltr'>quo</span> <span class='ocrx_word' id='word_1_54' title='bbox 291 829 363 893; x_wconf 79' lang='lat' dir='ltr'>erpo</span> <span class='ocrx_word' id='word_1_55' title='bbox 373 807 546 892; x_wconf 67' lang='lat' dir='ltr'>perfectam</span> <span class='ocrx_word' id='word_1_56' title='bbox 557 809 630 893; x_wconf 78' lang='lat' dir='ltr'>lepis</span> <span class='ocrx_word' id='word_1_57' title='bbox 642 811 848 893; x_wconf 77' lang='lat' dir='ltr'>impletionem</span> <span class='ocrx_word' id='word_1_58' title='bbox 862 804 1027 870; x_wconf 77' lang='lat' dir='ltr'>babemus?</span> 
     </span>
    </p>
   </div>
   <div class='ocr_carea' id='block_1_4' title="bbox 58 914 1027 1327">
    <p class='ocr_par' dir='ltr' id='par_1_4' title="bbox 58 914 1027 1327">
     <span class='ocr_line' id='line_1_8' title="bbox 204 914 1027 1004; baseline 0.003 -26.548"><span class='ocrx_word' id='word_1_59' title='bbox 204 914 238 981; x_wconf 91' lang='lat' dir='ltr'>In</span> <span class='ocrx_word' id='word_1_60' title='bbox 263 915 392 982; x_wconf 89' lang='lat' dir='ltr'>Christo</span> <span class='ocrx_word' id='word_1_61' title='bbox 414 916 512 993; x_wconf 86' lang='lat' dir='ltr'>Jesu,</span> <span class='ocrx_word' id='word_1_62' title='bbox 539 918 595 1001; x_wconf 92' lang='lat' dir='ltr'>qui</span> <span class='ocrx_word' id='word_1_63' title='bbox 616 918 848 1004; x_wconf 84' lang='lat' dir='ltr'>perfectissima</span> <span class='ocrx_word' id='word_1_64' title='bbox 871 940 928 980; x_wconf 84' lang='lat' dir='ltr'>sue</span> <span class='ocrx_word' id='word_1_65' title='bbox 949 916 1027 980; x_wconf 91' lang='lat' dir='ltr'>obe-</span> 
     </span>
     <span class='ocr_line' id='line_1_9' title="bbox 58 994 1027 1088; baseline 0.009 -30"><span class='ocrx_word' id='word_1_66' title='bbox 58 1064 71 1088; x_wconf 31' lang='lat' dir='ltr'>m</span> <span class='ocrx_word' id='word_1_67' title='bbox 143 994 235 1065; x_wconf 84' lang='lat' dir='ltr'>dientia</span> <span class='ocrx_word' id='word_1_68' title='bbox 266 1001 374 1066; x_wconf 91' lang='lat' dir='ltr'>leem</span> <span class='ocrx_word' id='word_1_69' title='bbox 404 1000 544 1086; x_wconf 88' lang='lat' dir='ltr'>perfecte</span> <span class='ocrx_word' id='word_1_70' title='bbox 576 1003 737 1088; x_wconf 90' lang='lat' dir='ltr'>implevit,</span> <span class='ocrx_word' id='word_1_71' title='bbox 769 1005 862 1065; x_wconf 77' lang='lat' dir='ltr'>Rom.</span> <span class='ocrx_word' id='word_1_72' title='bbox 885 1003 921 1086; x_wconf 82' lang='lat'>8,</span> <span class='ocrx_word' id='word_1_73' title='bbox 943 1001 1027 1077; x_wconf 82' lang='grc'>3.4,</span> 
     </span>
     <span class='ocr_line' id='line_1_10' title="bbox 141 1024 1027 1174; baseline 0 -26"><span class='ocrx_word' id='word_1_74' title='bbox 141 1083 209 1174; x_wconf 58' lang='lat' dir='ltr'>fujus</span> <span class='ocrx_word' id='word_1_75' title='bbox 232 1024 376 1172; x_wconf 64' lang='lat' dir='ltr'>impietio</span> <span class='ocrx_word' id='word_1_76' title='bbox 406 1086 609 1151; x_wconf 86' lang='lat' dir='ltr'>credentibus</span> <span class='ocrx_word' id='word_1_77' title='bbox 631 1111 706 1152; x_wconf 88' lang='lat' dir='ltr'>vera</span> <span class='ocrx_word' id='word_1_78' title='bbox 726 1088 789 1150; x_wconf 90' lang='lat' dir='ltr'>fide</span> <span class='ocrx_word' id='word_1_79' title='bbox 811 1085 1027 1170; x_wconf 76' lang='lat' dir='ltr'>adjustitiam</span> 
     </span>
     <span class='ocr_line' id='line_1_11' title="bbox 62 1171 1027 1255; baseline 0 -22"><span class='ocrx_word' id='word_1_80' title='bbox 62 1244 66 1255; x_wconf 24' lang='grc' dir='ltr'>ι</span> <span class='ocrx_word' id='word_1_81' title='bbox 140 1181 304 1251; x_wconf 79' lang='lat' dir='ltr'>lmputatur,</span> <span class='ocrx_word' id='word_1_82' title='bbox 335 1174 426 1236; x_wconf 85' lang='lat' dir='ltr'>Rom.</span> <span class='ocrx_word' id='word_1_83' title='bbox 450 1173 505 1254; x_wconf 87' lang='lat'>10,</span> <span class='ocrx_word' id='word_1_84' title='bbox 527 1172 558 1247; x_wconf 88' lang='grc'>4,</span> <span class='ocrx_word' id='word_1_85' title='bbox 587 1183 617 1236; x_wconf 89' lang='lat' dir='ltr'>et</span> <span class='ocrx_word' id='word_1_86' title='bbox 647 1174 688 1238; x_wconf 89' lang='lat' dir='ltr'>ab</span> <span class='ocrx_word' id='word_1_87' title='bbox 711 1173 825 1235; x_wconf 86' lang='lat' dir='ltr'>iisdem</span> <span class='ocrx_word' id='word_1_88' title='bbox 845 1194 928 1235; x_wconf 86' lang='lat' dir='ltr'>nova</span> <span class='ocrx_word' id='word_1_89' title='bbox 950 1171 1027 1234; x_wconf 91' lang='lat' dir='ltr'>obe-</span> 
     </span>
     <span class='ocr_line' id='line_1_12' title="bbox 61 1246 669 1327; baseline 0.016 -13"><span class='ocrx_word' id='word_1_90' title='bbox 61 1256 71 1327; x_wconf 56' lang='lat'>?</span> <span class='ocrx_word' id='word_1_91' title='bbox 137 1246 235 1319; x_wconf 77' lang='lat' dir='ltr'>lienus</span> <span class='ocrx_word' id='word_1_92' title='bbox 254 1255 404 1320; x_wconf 88' lang='lat' dir='ltr'>inchoata</span> <span class='ocrx_word' id='word_1_93' title='bbox 426 1254 669 1325; x_wconf 86' lang='lat' dir='ltr'>demonstratur.</span> 
     </span>
    </p>
   </div>
   <div class='ocr_carea' id='block_1_5' title="bbox 58 1370 1029 1854">
    <p class='ocr_par' dir='ltr' id='par_1_5' title="bbox 58 1370 1028 1445">
     <span class='ocr_line' id='line_1_13' title="bbox 58 1370 1028 1445; baseline -0.001 -20"><span class='ocrx_word' id='word_1_94' title='bbox 58 1408 66 1445; x_wconf 68' lang='lat'>3</span> <span class='ocrx_word' id='word_1_95' title='bbox 192 1370 234 1437; x_wconf 84' lang='lat' dir='ltr'>(Et</span> <span class='ocrx_word' id='word_1_96' title='bbox 249 1371 303 1425; x_wconf 91' lang='lat' dir='ltr'>hoc</span> <span class='ocrx_word' id='word_1_97' title='bbox 322 1371 436 1442; x_wconf 87' lang='lat' dir='ltr'>quidem</span> <span class='ocrx_word' id='word_1_98' title='bbox 452 1380 582 1442; x_wconf 86' lang='lat' dir='ltr'>respectu</span> <span class='ocrx_word' id='word_1_99' title='bbox 597 1373 669 1444; x_wconf 85' lang='lat' dir='ltr'>legis</span> <span class='ocrx_word' id='word_1_100' title='bbox 686 1373 810 1442; x_wconf 73' lang='lat' dir='ltr'>impletio</span> <span class='ocrx_word' id='word_1_101' title='bbox 828 1371 911 1425; x_wconf 88' lang='lat' dir='ltr'>etiarn</span> <span class='ocrx_word' id='word_1_102' title='bbox 925 1370 1028 1425; x_wconf 85' lang='lat' dir='ltr'>renatis</span> 
     </span>
    </p>

    <p class='ocr_par' dir='ltr' id='par_1_6' title="bbox 58 1438 1029 1854">
     <span class='ocr_line' id='line_1_14' title="bbox 133 1438 1027 1513; baseline -0.002 -19"><span class='ocrx_word' id='word_1_103' title='bbox 133 1439 325 1507; x_wconf 67' lang='lat' dir='ltr'>estpossibilis.</span> <span class='ocrx_word' id='word_1_104' title='bbox 362 1447 384 1494; x_wconf 90' lang='lat' dir='ltr'>t.</span> <span class='ocrx_word' id='word_1_105' title='bbox 403 1440 600 1512; x_wconf 85' lang='lat' dir='ltr'>Imputatione,</span> <span class='ocrx_word' id='word_1_106' title='bbox 619 1458 691 1513; x_wconf 87' lang='lat' dir='ltr'>quse</span> <span class='ocrx_word' id='word_1_107' title='bbox 708 1441 741 1494; x_wconf 87' lang='lat' dir='ltr'>fit</span> <span class='ocrx_word' id='word_1_108' title='bbox 757 1458 808 1510; x_wconf 91' lang='lat' dir='ltr'>per</span> <span class='ocrx_word' id='word_1_109' title='bbox 825 1439 917 1495; x_wconf 90' lang='lat' dir='ltr'>fidem.</span> <span class='ocrx_word' id='word_1_110' title='bbox 945 1438 1027 1494; x_wconf 77' lang='lat' dir='ltr'>2‚In·</span> 
     </span>
     <span class='ocr_line' id='line_1_15' title="bbox 127 1496 1028 1578; baseline 0.002 -18"><span class='ocrx_word' id='word_1_111' title='bbox 127 1496 259 1564; x_wconf 58' lang='lat' dir='ltr'>theatinus</span> <span class='ocrx_word' id='word_1_112' title='bbox 268 1525 317 1562; x_wconf 87' lang='lat' dir='ltr'>seu</span> <span class='ocrx_word' id='word_1_113' title='bbox 331 1526 404 1564; x_wconf 84' lang='lat' dir='ltr'>nova</span> <span class='ocrx_word' id='word_1_114' title='bbox 416 1509 583 1564; x_wconf 78' lang='lat' dir='ltr'>obedientie</span> <span class='ocrx_word' id='word_1_115' title='bbox 610 1510 682 1575; x_wconf 83' lang='lat' dir='ltr'>Quia</span> <span class='ocrx_word' id='word_1_116' title='bbox 694 1512 767 1563; x_wconf 88' lang='lat' dir='ltr'>enirn</span> <span class='ocrx_word' id='word_1_117' title='bbox 779 1510 905 1562; x_wconf 82' lang='lat' dir='ltr'>Christus</span> <span class='ocrx_word' id='word_1_118' title='bbox 914 1512 1028 1578; x_wconf 89' lang='lat' dir='ltr'>propter</span> 
     </span>
     <span class='ocr_line' id='line_1_16' title="bbox 125 1575 743 1658; baseline 0.01 -32"><span class='ocrx_word' id='word_1_119' title='bbox 125 1577 176 1626; x_wconf 70' lang='lat' dir='ltr'>1ios</span> <span class='ocrx_word' id='word_1_120' title='bbox 188 1575 271 1658; x_wconf 77' lang='lat' dir='ltr'>legem</span> <span class='ocrx_word' id='word_1_121' title='bbox 289 1577 414 1646; x_wconf 85' lang='lat' dir='ltr'>perfecte</span> <span class='ocrx_word' id='word_1_122' title='bbox 433 1578 568 1650; x_wconf 84' lang='lat' dir='ltr'>implevit,</span> <span class='ocrx_word' id='word_1_123' title='bbox 584 1579 651 1633; x_wconf 92' lang='lat' dir='ltr'>inde</span> <span class='ocrx_word' id='word_1_124' title='bbox 664 1578 743 1649; x_wconf 90' lang='lat' dir='ltr'>quia</span> 
     </span>
     <span class='ocr_line' id='line_1_17' title="bbox 58 1597 1028 1717; baseline -0.006 -13"><span class='ocrx_word' id='word_1_125' title='bbox 58 1706 60 1711; x_wconf 79' lang='grc'>,</span> <span class='ocrx_word' id='word_1_126' title='bbox 121 1640 154 1704; x_wconf 73' lang='lat' dir='ltr'>ct</span> <span class='ocrx_word' id='word_1_127' title='bbox 174 1643 302 1700; x_wconf 74' lang='lat' dir='ltr'>Christum</span> <span class='ocrx_word' id='word_1_128' title='bbox 318 1662 386 1699; x_wconf 85' lang='lat' dir='ltr'>vera</span> <span class='ocrx_word' id='word_1_129' title='bbox 404 1646 459 1701; x_wconf 87' lang='lat' dir='ltr'>fide</span> <span class='ocrx_word' id='word_1_130' title='bbox 479 1647 707 1717; x_wconf 87' lang='lat' dir='ltr'>apprehendunt,</span> <span class='ocrx_word' id='word_1_131' title='bbox 736 1597 791 1700; x_wconf 73' lang='lat' dir='ltr'>iilis</span> <span class='ocrx_word' id='word_1_132' title='bbox 815 1646 940 1716; x_wconf 81' lang='lat' dir='ltr'>perfecta</span> <span class='ocrx_word' id='word_1_133' title='bbox 958 1645 1028 1716; x_wconf 87' lang='lat' dir='ltr'>legis</span> 
     </span>
     <span class='ocr_line' id='line_1_18' title="bbox 58 1710 1029 1785; baseline 0.002 -20"><span class='ocrx_word' id='word_1_134' title='bbox 58 1724 61 1749; x_wconf 77' lang='lat'>¹</span> <span class='ocrx_word' id='word_1_135' title='bbox 117 1710 249 1783; x_wconf 79' lang='lat' dir='ltr'>11nplesio,</span> <span class='ocrx_word' id='word_1_136' title='bbox 268 1731 352 1785; x_wconf 89' lang='lat' dir='ltr'>quam</span> <span class='ocrx_word' id='word_1_137' title='bbox 372 1714 497 1770; x_wconf 80' lang='lat' dir='ltr'>Christus</span> <span class='ocrx_word' id='word_1_138' title='bbox 515 1716 664 1785; x_wconf 85' lang='lat' dir='ltr'>praestitit,</span> <span class='ocrx_word' id='word_1_139' title='bbox 682 1714 738 1770; x_wconf 88' lang='lat' dir='ltr'>fide</span> <span class='ocrx_word' id='word_1_140' title='bbox 759 1716 920 1784; x_wconf 87' lang='lat' dir='ltr'>imputatur,</span> <span class='ocrx_word' id='word_1_141' title='bbox 939 1730 1029 1783; x_wconf 91' lang='lat' dir='ltr'>aeque</span> 
     </span>
     <span class='ocr_line' id='line_1_19' title="bbox 58 1777 1027 1854; baseline 0 -19"><span class='ocrx_word' id='word_1_142' title='bbox 58 1810 61 1827; x_wconf 66' lang='grc' dir='ltr'>ι</span> <span class='ocrx_word' id='word_1_143' title='bbox 113 1777 160 1846; x_wconf 61' lang='lat'>³9</span> <span class='ocrx_word' id='word_1_144' title='bbox 177 1780 262 1853; x_wconf 88' lang='lat' dir='ltr'>siipsi</span> <span class='ocrx_word' id='word_1_145' title='bbox 283 1783 494 1852; x_wconf 86' lang='lat' dir='ltr'>praestitissent.</span> <span class='ocrx_word' id='word_1_146' title='bbox 525 1784 563 1838; x_wconf 87' lang='lat' dir='ltr'>Et</span> <span class='ocrx_word' id='word_1_147' title='bbox 581 1785 622 1838; x_wconf 90' lang='lat' dir='ltr'>sic</span> <span class='ocrx_word' id='word_1_148' title='bbox 640 1785 793 1854; x_wconf 87' lang='lat' dir='ltr'>perfectam</span> <span class='ocrx_word' id='word_1_149' title='bbox 812 1784 837 1837; x_wconf 89' lang='lat' dir='ltr'>le</span> <span class='ocrx_word' id='word_1_150' title='bbox 860 1784 881 1836; x_wconf 90' lang='lat' dir='ltr'>&#39;s</span> <span class='ocrx_word' id='word_1_151' title='bbox 899 1782 1027 1837; x_wconf 89' lang='lat' dir='ltr'>obedien·</span> 
     </span>
    </p>
   </div>
   <div class='ocr_carea' id='block_1_6' title="bbox 764 1577 1029 1646">
    <p class='ocr_par' dir='ltr' id='par_1_7' title="bbox 764 1577 1029 1646">
     <span class='ocr_line' id='line_1_20' title="bbox 764 1577 1029 1646; baseline -0.011 -14"><span class='ocrx_word' id='word_1_152' title='bbox 764 1583 815 1632; x_wconf 89' lang='lat' dir='ltr'>unt</span> <span class='ocrx_word' id='word_1_153' title='bbox 829 1577 1029 1646; x_wconf 88' lang='lat' dir='ltr'>poenitentiam</span> 
     </span>
    </p>
   </div>
   <div class='ocr_carea' id='block_1_7' title="bbox 84 1834 1030 2001">
    <p class='ocr_par' dir='ltr' id='par_1_8' title="bbox 84 1834 1030 2001">
     <span class='ocr_line' id='line_1_21' title="bbox 84 1834 1030 1974; baseline 0 -71"><span class='ocrx_word' id='word_1_154' title='bbox 84 1846 88 1851; x_wconf 74' lang='grc'><em>’</em></span> <span class='ocrx_word' id='word_1_155' title='bbox 107 1834 189 1948; x_wconf 55' lang='grc' dir='ltr'>ξῑᾶω</span> <span class='ocrx_word' id='word_1_156' title='bbox 205 1861 232 1906; x_wconf 86' lang='lat' dir='ltr'>et</span> <span class='ocrx_word' id='word_1_157' title='bbox 250 1851 440 1932; x_wconf 74' lang='lat' dir='ltr'>impletionem</span> <span class='ocrx_word' id='word_1_158' title='bbox 458 1851 563 1907; x_wconf 87' lang='lat' dir='ltr'>habent</span> <span class='ocrx_word' id='word_1_159' title='bbox 579 1853 762 1974; x_wconf 79' lang='lat' dir='ltr'>imputatione</span> <span class='ocrx_word' id='word_1_160' title='bbox 773 1870 824 1922; x_wconf 91' lang='lat' dir='ltr'>per</span> <span class='ocrx_word' id='word_1_161' title='bbox 850 1852 927 1931; x_wconf 81' lang='lat' dir='ltr'>¹dem.</span> <span class='ocrx_word' id='word_1_162' title='bbox 954 1850 1030 1930; x_wconf 87' lang='lat' dir='ltr'>Quia</span> 
     </span>
     <span class='ocr_line' id='line_1_22' title="bbox 133 1919 1029 2001; baseline 0.001 -29"><span class='ocrx_word' id='word_1_163' title='bbox 133 1923 186 1971; x_wconf 58' lang='lat' dir='ltr'>ero</span> <span class='ocrx_word' id='word_1_164' title='bbox 201 1919 268 1974; x_wconf 83' lang='lat' dir='ltr'>haec</span> <span class='ocrx_word' id='word_1_165' title='bbox 281 1919 447 1989; x_wconf 80' lang='lat' dir='ltr'>Justrficatro</span> <span class='ocrx_word' id='word_1_166' title='bbox 469 1921 540 2001; x_wconf 79' lang='lat' dir='ltr'>legis</span> <span class='ocrx_word' id='word_1_167' title='bbox 565 1921 604 1975; x_wconf 92' lang='lat' dir='ltr'>im</span> <span class='ocrx_word' id='word_1_168' title='bbox 635 1929 697 1976; x_wconf 90' lang='lat' dir='ltr'>etur</span> <span class='ocrx_word' id='word_1_169' title='bbox 718 1938 775 1974; x_wconf 92' lang='lat' dir='ltr'>non</span> <span class='ocrx_word' id='word_1_170' title='bbox 798 1922 828 1973; x_wconf 93' lang='lat' dir='ltr'>in</span> <span class='ocrx_word' id='word_1_171' title='bbox 847 1937 894 1987; x_wconf 85' lang='lat' dir='ltr'>ns,</span> <span class='ocrx_word' id='word_1_172' title='bbox 922 1936 969 1989; x_wconf 86' lang='lat' dir='ltr'>qur</span> <span class='ocrx_word' id='word_1_173' title='bbox 987 1935 1029 1973; x_wconf 85' lang='lat' dir='ltr'>se·</span> 
     </span>
    </p>
   </div>
   <div class='ocr_carea' id='block_1_8' title="bbox 99 1941 1032 2947">
    <p class='ocr_par' dir='ltr' id='par_1_9' title="bbox 99 1941 1032 2947">
     <span class='ocr_line' id='line_1_23' title="bbox 103 1941 1027 2059; baseline 0.003 -19"><span class='ocrx_word' id='word_1_174' title='bbox 103 1980 238 2042; x_wconf 52' lang='lat' dir='ltr'>“undum</span> <span class='ocrx_word' id='word_1_175' title='bbox 255 2004 375 2056; x_wconf 86' lang='lat' dir='ltr'>carnem,</span> <span class='ocrx_word' id='word_1_176' title='bbox 392 1989 440 2043; x_wconf 89' lang='lat' dir='ltr'>sed</span> <span class='ocrx_word' id='word_1_177' title='bbox 456 2006 504 2059; x_wconf 87' lang='lat' dir='ltr'>qm</span> <span class='ocrx_word' id='word_1_178' title='bbox 518 1941 671 2044; x_wconf 76' lang='lat' dir='ltr'>secunium</span> <span class='ocrx_word' id='word_1_179' title='bbox 683 1989 811 2059; x_wconf 91' lang='lat' dir='ltr'>spiritum</span> <span class='ocrx_word' id='word_1_180' title='bbox 823 1989 928 2056; x_wconf 84' lang='lat' dir='ltr'>vivunt,</span> <span class='ocrx_word' id='word_1_181' title='bbox 944 1988 1027 2043; x_wconf 80' lang='lat' dir='ltr'>Rom.</span> 
     </span>
     <span class='ocr_line' id='line_1_24' title="bbox 102 2039 1028 2138; baseline 0.001 -31"><span class='ocrx_word' id='word_1_182' title='bbox 102 2039 145 2125; x_wconf 68' lang='lat'>⁸³.</span> <span class='ocrx_word' id='word_1_183' title='bbox 168 2059 210 2115; x_wconf 84' lang='grc'>13.</span> <span class='ocrx_word' id='word_1_184' title='bbox 235 2056 388 2138; x_wconf 82' lang='lat' dir='ltr'>requiritur</span> <span class='ocrx_word' id='word_1_185' title='bbox 407 2057 492 2112; x_wconf 87' lang='lat' dir='ltr'>etiam</span> <span class='ocrx_word' id='word_1_186' title='bbox 508 2056 537 2110; x_wconf 91' lang='lat' dir='ltr'>in</span> <span class='ocrx_word' id='word_1_187' title='bbox 555 2060 657 2113; x_wconf 88' lang='lat' dir='ltr'>renatis</span> <span class='ocrx_word' id='word_1_188' title='bbox 675 2075 748 2112; x_wconf 87' lang='lat' dir='ltr'>nova</span> <span class='ocrx_word' id='word_1_189' title='bbox 763 2056 938 2123; x_wconf 84' lang='lat' dir='ltr'>obedientia,</span> <span class='ocrx_word' id='word_1_190' title='bbox 963 2070 1028 2125; x_wconf 82' lang='lat' dir='ltr'>que,</span> 
     </span>
     <span class='ocr_line' id='line_1_25' title="bbox 102 2116 1030 2195; baseline 0.001 -19"><span class='ocrx_word' id='word_1_191' title='bbox 102 2116 219 2180; x_wconf 74' lang='lat' dir='ltr'>vlrtute</span> <span class='ocrx_word' id='word_1_192' title='bbox 238 2125 358 2195; x_wconf 75' lang='lat' dir='ltr'>Spiritus</span> <span class='ocrx_word' id='word_1_193' title='bbox 379 2126 482 2195; x_wconf 82' lang='lat' dir='ltr'>suncti,</span> <span class='ocrx_word' id='word_1_194' title='bbox 500 2125 644 2182; x_wconf 87' lang='lat' dir='ltr'>interiores</span> <span class='ocrx_word' id='word_1_195' title='bbox 664 2126 901 2195; x_wconf 83' lang='lat' dir='ltr'>concupiscentias</span> <span class='ocrx_word' id='word_1_196' title='bbox 922 2123 1030 2178; x_wconf 87' lang='lat' dir='ltr'>crucifi-</span> 
     </span>
     <span class='ocr_line' id='line_1_26' title="bbox 99 2188 1030 2265; baseline 0 -18"><span class='ocrx_word' id='word_1_197' title='bbox 99 2188 196 2264; x_wconf 58' lang='lat' dir='ltr'>ant,</span> <span class='ocrx_word' id='word_1_198' title='bbox 213 2194 308 2265; x_wconf 81' lang='lat' dir='ltr'>pravis</span> <span class='ocrx_word' id='word_1_199' title='bbox 328 2193 554 2249; x_wconf 80' lang='lat' dir='ltr'>inclinationibus</span> <span class='ocrx_word' id='word_1_200' title='bbox 571 2195 711 2263; x_wconf 87' lang='lat' dir='ltr'>resistunt,</span> <span class='ocrx_word' id='word_1_201' title='bbox 730 2200 857 2249; x_wconf 82' lang='lat' dir='ltr'>externos</span> <span class='ocrx_word' id='word_1_202' title='bbox 875 2193 970 2263; x_wconf 89' lang='lat' dir='ltr'>lapsus</span> <span class='ocrx_word' id='word_1_203' title='bbox 987 2192 1030 2247; x_wconf 84' lang='lat' dir='ltr'>fu·</span> 
     </span>
     <span class='ocr_line' id='line_1_27' title="bbox 102 2258 1031 2334; baseline 0 -18"><span class='ocrx_word' id='word_1_204' title='bbox 102 2258 211 2330; x_wconf 55' lang='lat' dir='ltr'>Quot,</span> <span class='ocrx_word' id='word_1_205' title='bbox 235 2270 263 2317; x_wconf 88' lang='lat' dir='ltr'>et</span> <span class='ocrx_word' id='word_1_206' title='bbox 281 2268 417 2333; x_wconf 87' lang='lat' dir='ltr'>quantum</span> <span class='ocrx_word' id='word_1_207' title='bbox 434 2263 464 2317; x_wconf 90' lang='lat' dir='ltr'>in</span> <span class='ocrx_word' id='word_1_208' title='bbox 481 2264 534 2317; x_wconf 77' lang='lat' dir='ltr'>hae</span> <span class='ocrx_word' id='word_1_209' title='bbox 555 2264 708 2334; x_wconf 87' lang='lat' dir='ltr'>depravata</span> <span class='ocrx_word' id='word_1_210' title='bbox 731 2264 821 2317; x_wconf 86' lang='lat' dir='ltr'>carnis</span> <span class='ocrx_word' id='word_1_211' title='bbox 840 2262 1031 2317; x_wconf 83' lang='lat' dir='ltr'>imbecillitate</span> 
     </span>
     <span class='ocr_line' id='line_1_28' title="bbox 105 2317 1030 2401; baseline 0 -18"><span class='ocrx_word' id='word_1_212' title='bbox 105 2317 182 2383; x_wconf 72' lang='lat' dir='ltr'>heri</span> <span class='ocrx_word' id='word_1_213' title='bbox 195 2336 295 2401; x_wconf 83' lang='lat' dir='ltr'>potest,</span> <span class='ocrx_word' id='word_1_214' title='bbox 315 2330 415 2400; x_wconf 86' lang='lat' dir='ltr'>spiritu</span> <span class='ocrx_word' id='word_1_215' title='bbox 431 2320 571 2386; x_wconf 79' lang='lat' dir='ltr'>ihcedunt</span> <span class='ocrx_word' id='word_1_216' title='bbox 604 2334 684 2396; x_wconf 89' lang='lat' dir='ltr'>Quae</span> <span class='ocrx_word' id='word_1_217' title='bbox 696 2332 855 2386; x_wconf 87' lang='lat' dir='ltr'>obedientia</span> <span class='ocrx_word' id='word_1_218' title='bbox 873 2331 974 2385; x_wconf 89' lang='lat' dir='ltr'>dicitur</span> <span class='ocrx_word' id='word_1_219' title='bbox 989 2331 1030 2383; x_wconf 90' lang='lat' dir='ltr'>in·</span> 
     </span>
     <span class='ocr_line' id='line_1_29' title="bbox 104 2386 1031 2480; baseline 0.008 -33"><span class='ocrx_word' id='word_1_220' title='bbox 104 2386 218 2454; x_wconf 67' lang='lat' dir='ltr'>ehoau</span> <span class='ocrx_word' id='word_1_221' title='bbox 237 2407 411 2469; x_wconf 79' lang='lat' dir='ltr'>comparate,</span> <span class='ocrx_word' id='word_1_222' title='bbox 431 2399 498 2469; x_wconf 88' lang='lat' dir='ltr'>quia</span> <span class='ocrx_word' id='word_1_223' title='bbox 512 2399 666 2470; x_wconf 85' lang='lat' dir='ltr'>perfectam</span> <span class='ocrx_word' id='word_1_224' title='bbox 680 2406 708 2455; x_wconf 88' lang='lat' dir='ltr'>ct</span> <span class='ocrx_word' id='word_1_225' title='bbox 720 2401 875 2455; x_wconf 87' lang='lat' dir='ltr'>absolutam</span> <span class='ocrx_word' id='word_1_226' title='bbox 895 2399 1031 2480; x_wconf 89' lang='lat' dir='ltr'>impletio·</span> 
     </span>
     <span class='ocr_line' id='line_1_30' title="bbox 108 2466 1032 2539; baseline 0.003 -22"><span class='ocrx_word' id='word_1_227' title='bbox 108 2466 186 2520; x_wconf 73' lang='lat' dir='ltr'>¹lem</span> <span class='ocrx_word' id='word_1_228' title='bbox 201 2468 270 2539; x_wconf 82' lang='lat' dir='ltr'>legis</span> <span class='ocrx_word' id='word_1_229' title='bbox 289 2469 319 2520; x_wconf 94' lang='lat' dir='ltr'>in</span> <span class='ocrx_word' id='word_1_230' title='bbox 339 2467 392 2521; x_wconf 85' lang='lat' dir='ltr'>hac</span> <span class='ocrx_word' id='word_1_231' title='bbox 413 2469 472 2522; x_wconf 88' lang='lat' dir='ltr'>vita</span> <span class='ocrx_word' id='word_1_232' title='bbox 489 2469 628 2539; x_wconf 87' lang='lat' dir='ltr'>attingere</span> <span class='ocrx_word' id='word_1_233' title='bbox 647 2486 703 2523; x_wconf 90' lang='lat' dir='ltr'>non</span> <span class='ocrx_word' id='word_1_234' title='bbox 720 2475 820 2539; x_wconf 88' lang='lat' dir='ltr'>potest.</span> <span class='ocrx_word' id='word_1_235' title='bbox 856 2470 971 2522; x_wconf 85' lang='lat' dir='ltr'>Intenm</span> <span class='ocrx_word' id='word_1_236' title='bbox 989 2473 1032 2521; x_wconf 89' lang='lat' dir='ltr'>ta-</span> 
     </span>
     <span class='ocr_line' id='line_1_31' title="bbox 111 2535 1032 2606; baseline 0.001 -18"><span class='ocrx_word' id='word_1_237' title='bbox 111 2536 186 2588; x_wconf 76' lang='lat' dir='ltr'>¹lleu</span> <span class='ocrx_word' id='word_1_238' title='bbox 206 2539 300 2606; x_wconf 84' lang='lat' dir='ltr'>placet</span> <span class='ocrx_word' id='word_1_239' title='bbox 326 2535 396 2591; x_wconf 89' lang='lat' dir='ltr'>haec</span> <span class='ocrx_word' id='word_1_240' title='bbox 425 2536 585 2592; x_wconf 89' lang='lat' dir='ltr'>obedientia</span> <span class='ocrx_word' id='word_1_241' title='bbox 609 2536 740 2592; x_wconf 88' lang='lat' dir='ltr'>inchoata</span> <span class='ocrx_word' id='word_1_242' title='bbox 765 2537 835 2592; x_wconf 92' lang='lat' dir='ltr'>Deo.</span> <span class='ocrx_word' id='word_1_243' title='bbox 887 2539 1032 2601; x_wconf 82' lang='lat' dir='ltr'>Quatenus</span> 
     </span>
     <span class='ocr_line' id='line_1_32' title="bbox 119 2596 1032 2677; baseline 0 -21"><span class='ocrx_word' id='word_1_244' title='bbox 119 2596 152 2650; x_wconf 84' lang='lat' dir='ltr'>l·</span> <span class='ocrx_word' id='word_1_245' title='bbox 168 2602 327 2674; x_wconf 81' lang='lat' dir='ltr'>imputative</span> <span class='ocrx_word' id='word_1_246' title='bbox 343 2605 414 2677; x_wconf 78' lang='lat' dir='ltr'>legis</span> <span class='ocrx_word' id='word_1_247' title='bbox 431 2606 556 2676; x_wconf 88' lang='lat' dir='ltr'>impletio</span> <span class='ocrx_word' id='word_1_248' title='bbox 575 2623 626 2675; x_wconf 90' lang='lat' dir='ltr'>per</span> <span class='ocrx_word' id='word_1_249' title='bbox 643 2606 726 2660; x_wconf 90' lang='lat' dir='ltr'>fidem</span> <span class='ocrx_word' id='word_1_250' title='bbox 746 2605 897 2676; x_wconf 87' lang='lat' dir='ltr'>praecedit.</span> <span class='ocrx_word' id='word_1_251' title='bbox 929 2605 1032 2668; x_wconf 88' lang='lat' dir='ltr'>Quate-</span> 
     </span>
     <span class='ocr_line' id='line_1_33' title="bbox 118 2672 1031 2743; baseline -0.002 -15"><span class='ocrx_word' id='word_1_252' title='bbox 118 2676 222 2728; x_wconf 63' lang='grc'>111182.</span> <span class='ocrx_word' id='word_1_253' title='bbox 244 2672 278 2728; x_wconf 86' lang='lat' dir='ltr'>fit</span> <span class='ocrx_word' id='word_1_254' title='bbox 296 2672 360 2728; x_wconf 87' lang='lat' dir='ltr'>fide.</span> <span class='ocrx_word' id='word_1_255' title='bbox 398 2673 541 2738; x_wconf 86' lang='lat' dir='ltr'>Quatenus</span> <span class='ocrx_word' id='word_1_256' title='bbox 569 2681 592 2729; x_wconf 85' lang='lat'>3.</span> <span class='ocrx_word' id='word_1_257' title='bbox 618 2682 689 2729; x_wconf 90' lang='lat' dir='ltr'>nutu</span> <span class='ocrx_word' id='word_1_258' title='bbox 712 2679 741 2730; x_wconf 91' lang='lat' dir='ltr'>et</span> <span class='ocrx_word' id='word_1_259' title='bbox 762 2675 848 2728; x_wconf 91' lang='lat' dir='ltr'>ductu</span> <span class='ocrx_word' id='word_1_260' title='bbox 866 2673 984 2743; x_wconf 85' lang='lat' dir='ltr'>Spiritus</span> <span class='ocrx_word' id='word_1_261' title='bbox 1001 2680 1031 2730; x_wconf 64' lang='lat' dir='ltr'>fs.</span> 
     </span>
     <span class='ocr_line' id='line_1_34' title="bbox 123 2738 1032 2824; baseline -0.006 -25"><span class='ocrx_word' id='word_1_262' title='bbox 123 2738 267 2799; x_wconf 70' lang='lat' dir='ltr'>perfletur,</span> <span class='ocrx_word' id='word_1_263' title='bbox 304 2741 335 2797; x_wconf 83' lang='lat' dir='ltr'>si</span> <span class='ocrx_word' id='word_1_264' title='bbox 354 2742 422 2824; x_wconf 72' lang='lat' dir='ltr'>quid</span> <span class='ocrx_word' id='word_1_265' title='bbox 440 2759 506 2797; x_wconf 84' lang='lat' dir='ltr'>vero</span> <span class='ocrx_word' id='word_1_266' title='bbox 522 2758 673 2797; x_wconf 85' lang='lat' dir='ltr'>naevorum</span> <span class='ocrx_word' id='word_1_267' title='bbox 690 2760 724 2798; x_wconf 87' lang='lat' dir='ltr'>ec</span> <span class='ocrx_word' id='word_1_268' title='bbox 743 2742 966 2798; x_wconf 89' lang='lat' dir='ltr'>imbecillitatum</span> <span class='ocrx_word' id='word_1_269' title='bbox 987 2758 1032 2794; x_wconf 91' lang='lat' dir='ltr'>su·</span> 
     </span>
     <span class='ocr_line' id='line_1_35' title="bbox 127 2809 1032 2883; baseline -0.002 -19"><span class='ocrx_word' id='word_1_270' title='bbox 127 2815 222 2875; x_wconf 64' lang='lat' dir='ltr'>west,</span> <span class='ocrx_word' id='word_1_271' title='bbox 237 2810 397 2866; x_wconf 75' lang='lat' dir='ltr'>obedientia</span> <span class='ocrx_word' id='word_1_272' title='bbox 410 2810 512 2864; x_wconf 82' lang='lat' dir='ltr'>Christi</span> <span class='ocrx_word' id='word_1_273' title='bbox 523 2812 635 2882; x_wconf 85' lang='lat' dir='ltr'>tegitur,</span> <span class='ocrx_word' id='word_1_274' title='bbox 653 2819 682 2866; x_wconf 89' lang='lat' dir='ltr'>et</span> <span class='ocrx_word' id='word_1_275' title='bbox 698 2829 732 2867; x_wconf 86' lang='lat' dir='ltr'>ex</span> <span class='ocrx_word' id='word_1_276' title='bbox 750 2812 843 2883; x_wconf 83' lang='lat' dir='ltr'>gretia</span> <span class='ocrx_word' id='word_1_277' title='bbox 854 2809 1032 2865; x_wconf 86' lang='lat' dir='ltr'>credentibus</span> 
     </span>
     <span class='ocr_line' id='line_1_36' title="bbox 133 2877 603 2947; baseline -0.011 -9"><span class='ocrx_word' id='word_1_278' title='bbox 133 2882 234 2946; x_wconf 68' lang='lat' dir='ltr'>eroum</span> <span class='ocrx_word' id='word_1_279' title='bbox 251 2877 393 2933; x_wconf 82' lang='lat' dir='ltr'>Christum</span> <span class='ocrx_word' id='word_1_280' title='bbox 411 2880 603 2947; x_wconf 88' lang='lat' dir='ltr'>condonetur.)</span> 
     </span>
    </p>
   </div>
   <div class='ocr_carea' id='block_1_9' title="bbox 140 2989 1035 3167">
    <p class='ocr_par' dir='ltr' id='par_1_10' title="bbox 140 2989 1035 3167">
     <span class='ocr_line' id='line_1_37' title="bbox 140 2989 1035 3082; baseline 0.001 -22"><span class='ocrx_word' id='word_1_281' title='bbox 140 2989 167 3056; x_wconf 70' lang='grc' dir='ltr'>ὅ.</span> <span class='ocrx_word' id='word_1_282' title='bbox 191 2998 299 3064; x_wconf 74' lang='lat' dir='ltr'>Annon</span> <span class='ocrx_word' id='word_1_283' title='bbox 320 3020 392 3063; x_wconf 86' lang='lat' dir='ltr'>ocro</span> <span class='ocrx_word' id='word_1_284' title='bbox 411 2998 500 3061; x_wconf 77' lang='lat' dir='ltr'>Deos</span> <span class='ocrx_word' id='word_1_285' title='bbox 522 2999 654 3082; x_wconf 80' lang='lat' dir='ltr'>injustus</span> <span class='ocrx_word' id='word_1_286' title='bbox 677 3011 734 3081; x_wconf 81' lang='lat' dir='ltr'>est,</span> <span class='ocrx_word' id='word_1_287' title='bbox 758 2999 812 3080; x_wconf 82' lang='lat' dir='ltr'>qui</span> <span class='ocrx_word' id='word_1_288' title='bbox 832 2997 1035 3081; x_wconf 81' lang='lat' dir='ltr'>impossibilia</span> 
     </span>
     <span class='ocr_line' id='line_1_38' title="bbox 328 3079 825 3167; baseline -0.002 -22"><span class='ocrx_word' id='word_1_289' title='bbox 328 3084 486 3166; x_wconf 77' lang='lat' dir='ltr'>praecipit</span> <span class='ocrx_word' id='word_1_290' title='bbox 508 3094 536 3145; x_wconf 85' lang='lat' dir='ltr'>et</span> <span class='ocrx_word' id='word_1_291' title='bbox 557 3108 577 3146; x_wconf 87' lang='lat' dir='ltr'>a</span> <span class='ocrx_word' id='word_1_292' title='bbox 600 3085 687 3148; x_wconf 75' lang='lat' dir='ltr'>uobis</span> <span class='ocrx_word' id='word_1_293' title='bbox 709 3079 825 3167; x_wconf 72' lang='lat' dir='ltr'>occipit?</span> 
     </span>
    </p>
   </div>
   <div class='ocr_carea' id='block_1_10' title="bbox 150 3184 1058 3372">
    <p class='ocr_par' dir='ltr' id='par_1_11' title="bbox 150 3184 1058 3372">
     <span class='ocr_line' id='line_1_39' title="bbox 213 3184 1035 3272; baseline 0.001 -24"><span class='ocrx_word' id='word_1_294' title='bbox 213 3184 312 3254; x_wconf 83' lang='lat' dir='ltr'>Absit.</span> <span class='ocrx_word' id='word_1_295' title='bbox 334 3185 465 3272; x_wconf 87' lang='lat' dir='ltr'>Repetit</span> <span class='ocrx_word' id='word_1_296' title='bbox 486 3185 572 3250; x_wconf 91' lang='lat' dir='ltr'>enim</span> <span class='ocrx_word' id='word_1_297' title='bbox 593 3209 613 3248; x_wconf 88' lang='lat' dir='ltr'>e</span> <span class='ocrx_word' id='word_1_298' title='bbox 633 3185 737 3262; x_wconf 79' lang='lat' dir='ltr'>nobie,</span> <span class='ocrx_word' id='word_1_299' title='bbox 759 3185 846 3269; x_wconf 90' lang='lat' dir='ltr'>quod</span> <span class='ocrx_word' id='word_1_300' title='bbox 867 3206 961 3248; x_wconf 86' lang='lat' dir='ltr'>suum</span> <span class='ocrx_word' id='word_1_301' title='bbox 976 3196 1035 3261; x_wconf 84' lang='lat' dir='ltr'>est,</span> 
     </span>
     <span class='ocr_line' id='line_1_40' title="bbox 150 3270 1058 3372; baseline 0.003 -40"><span class='ocrx_word' id='word_1_302' title='bbox 150 3270 172 3321; x_wconf 66' lang='lat' dir='ltr'>tl</span> <span class='ocrx_word' id='word_1_303' title='bbox 191 3271 265 3347; x_wconf 90' lang='lat' dir='ltr'>quod</span> <span class='ocrx_word' id='word_1_304' title='bbox 282 3271 395 3358; x_wconf 88' lang='lat' dir='ltr'>primis</span> <span class='ocrx_word' id='word_1_305' title='bbox 408 3271 607 3372; x_wconf 27' lang='lat' dir='ltr'>&#39;parentibus</span> <span class='ocrx_word' id='word_1_306' title='bbox 629 3271 745 3335; x_wconf 85' lang='lat' dir='ltr'>nostris</span> <span class='ocrx_word' id='word_1_307' title='bbox 772 3281 845 3334; x_wconf 87' lang='lat' dir='ltr'>ente</span> <span class='ocrx_word' id='word_1_308' title='bbox 868 3291 1058 3367; x_wconf 27' lang='lat' dir='ltr'>concesse·-</span> 
     </span>
    </p>
   </div>
   <div class='ocr_carea' id='block_1_11' title="bbox 0 0 1138 3772">
    <p class='ocr_par' dir='ltr' id='par_1_12' title="bbox 0 0 1138 3772">
     <span class='ocr_line' id='line_1_41' title="bbox 0 0 1138 3772; baseline 0 0"><span class='ocrx_word' id='word_1_309' title='bbox 0 0 1138 3772; x_wconf 95' lang='lat' dir='ltr'> </span> 
     </span>
    </p>
   </div>
  </div>
 </body>
</html>
