2250 3772
105 247 168 311 298
244 243 351 330 Caput
371 246 415 312 IL
459 246 511 311 De
533 246 681 331 symbolo
702 244 886 331 apostolico:

105 412 266 469 obedientia
283 412 312 466 in
334 412 423 469 forma
443 413 536 467 servili
559 413 705 483 usquead
728 419 856 481 mortem,
881 412 915 477 ad
930 411 983 465 lum

104 486 210 537 statum
232 480 356 537 refertur.
405 482 524 538 Nomine
548 482 682 551 passionis
705 488 799 536 autem
822 483 983 553 intelligunt

109 556 132 606 1.
152 550 319 622 generaliter
337 568 431 606 omnes
449 550 591 617 miseriae,
611 549 801 616 infirmitates,
820 552 928 617 dolores,
941 566 983 603 cru

103 619 208 686 ciatus,
226 619 406 690 ignominiae,
424 619 524 689 quibus
545 618 671 674 Christus
690 636 707 673 a
724 619 878 676 nativitatis
895 617 985 674 adens

104 694 162 742 tam
188 689 292 756 anima,
321 705 404 758 quam
428 705 555 757 corpore,
582 689 669 742 nostri
694 704 779 742 causa
801 689 856 744 fuit
872 688 985 745 obnoxius

104 762 128 811 2.
147 757 343 826 Principalitsr
360 763 452 811 autem
472 763 551 811 actus
568 756 620 810 iste
637 763 792 826 postremus
812 760 893 827 vitae,
909 758 984 827 inquo

104 825 157 878 sub
180 826 277 894 judice
298 825 398 880 Pontio
418 826 510 879 Pilato
537 833 672 880 extremos
690 827 830 880 cruciatus
846 826 986 907 corporissl

103 893 213 947 animae
240 900 269 949 et
285 895 397 948 tandem
418 902 533 949 mortem
551 895 778 949 contumeliosam
796 913 886 950 crucis
901 910 985 965 perpes

104 980 152 1016 sus
172 966 222 1019 est.
258 963 331 1018 Vide
347 965 452 1017 Mani.
470 966 516 1032 26,
535 966 579 1021 38.
600 971 628 1017 et
645 970 691 1030 27,
711 964 774 1031 46.)

103 1066 133 1129 4.
157 1065 222 1129 Cur
246 1067 386 1131 (Iltristns
405 1092 530 1152 passas,
553 1070 716 1151 crucifissus
740 1079 767 1130 et
788 1080 924 1131 mortuas
940 1058 985 1129 esti
1019 1108 1022 1141 ,

190 1168 237 1233 Ut
263 1178 371 1231 sancto
393 1190 430 1231 ac
459 1167 599 1252 pretioso
629 1167 784 1253 sanguine
813 1189 928 1251 suaque
943 1164 985 1227 im·
1020 1216 1022 1223 .

104 1252 217 1316 merita
237 1253 386 1337 passione
409 1264 440 1316 et
454 1264 566 1330 morte,
587 1275 638 1316 me
656 1253 818 1400 perditum
831 1274 870 1317 ao
883 1254 985 1347 damus·

103 1349 171 1401 tum
193 1338 354 1403 hominem
375 1338 559 1421 redimeret,
582 1348 613 1401 et
635 1361 654 1400 a
696 1338 845 1401 omnibus
866 1346 986 1425 peocsllt,

105 1446 124 1485 a
143 1432 255 1498 morte,
275 1434 432 1507 potestate
447 1421 585 1487 Satanae
607 1432 639 1485 et
657 1422 861 1487 damnatione
885 1434 985 1487 aenne

103 1506 261 1570 liberaret.
357 1509 360 1516 '

175 1597 296 1663 (Dicitur
306 1602 408 1667 passio
424 1600 572 1664 immerita,
592 1599 657 1670 quia
669 1598 796 1653 Christus
815 1615 904 1670 agnus
917 1598 986 1651 imm*

106 1666 216 1721 calatus
235 1674 263 1722 et
279 1667 418 1736 innocens,
439 1672 463 1722 1.
476 1670 555 1725 Pete.
575 1672 599 1735 1,
617 1672 660 1737 19,
681 1668 727 1739 qui
741 1678 887 1737 peccatum
902 1660 987 1721 nonis

105 1741 189 1804 cerat,
207 1753 258 1790 nec
278 1736 357 1791 dolus
377 1737 406 1789 in
425 1754 472 1791 ore
492 1738 552 1805 ejus
570 1737 707 1804 inventus,
726 1741 750 1792 1.
763 1739 843 1792 Petr.
857 1742 883 1801 2,
897 1739 937 1799 22,
947 1742 986 1815 ppt

106 1805 186 1860 nobis
205 1805 296 1859 factus
315 1812 471 1875 peccatum,
490 1814 522 1860 ut
537 1822 587 1859 nos
607 1805 779 1860 efficeremur
793 1805 954 1876 justitislter
966 1812 987 1853 n

105 1891 151 1942 eo,
174 1878 200 1927 2.
223 1876 287 1931 Cor.
308 1879 334 1943 5,
353 1878 396 1928 21.
431 1875 513 1928 Nihil
531 1876 633 1942 obstat,
658 1875 732 1945 quod
752 1882 780 1929 et
797 1874 878 1928 nobis
897 1870 986 1927 morien·

105 1943 185 2012 dum3
209 1961 282 1997 mors
306 1942 378 1997 enim
396 1951 490 1997 nostra
508 1950 628 2023 nonest
645 1943 798 2023 satisfactio
821 1942 987 2066 propende,

105 2013 154 2066 sed
182 2018 202 2066 1.
227 2013 261 2067 de
284 2019 460 2082 peccatorum
484 2012 607 2083 reliquus
630 2012 710 2065 nobis
732 2011 887 2066 inhaerenti
909 2028 935 2065 us
953 2002 987 2060 ad·

104 2081 229 2202 miti?
252 2087 282 2218 >2
294 2081 341 2135 Ab
360 2082 459 2135 iisdem
474 2081 642 2151 repurgatis.
674 2086 697 2135 3.
716 2079 750 2134 In
767 2081 854 2135 vitam
873 2086 987 2135 sennan

117 2167 130 2201 r
169 2167 202 2203 uc
216 2166 251 2205 ro.

377 2240 406 2309 5.
444 2245 504 2308 Cnr
526 2243 660 2328 sepultas
682 2243 745 2307 est?

190 2343 238 2408 Ut
269 2345 298 2411 1.
325 2367 398 2408 vere
428 2345 533 2429 ipsum
562 2354 723 2407 mortuum
745 2365 815 2407 esse
845 2344 986 2417 constaret

104 2436 137 2490 et
163 2437 199 2490 ut
228 2429 257 2491 2.
288 2441 397 2492 nostra
418 2430 586 2515 sepulchra
607 2430 641 2492 in
663 2428 849 2492 dormitoria
877 2429 916 2491 ad
934 2420 988 2489 sul·
1012 2448 1020 2491 2

7 2576 11 2581 .
105 2523 284 2576 secuturam
303 2515 565 2579 resurrectionem
586 2514 670 2577 vitae
689 2525 895 2580 consecraret.

174 2613 291 2680 (Paulus
307 2614 371 2669 hinc
385 2615 546 2687 allegoriam
565 2615 653 2669 nectit
671 2613 705 2667 de
718 2613 855 2683 spirituali
873 2608 987 2685 sepulta,ra

104 2691 295 2751 peccatorum,
318 2686 398 2738 Rom.
416 2689 441 2753 d,
460 2689 484 2738 4.
520 2686 632 2737 Errant
653 2682 829 2735 Cerdoninni
842 2688 869 2737 ct
888 2684 988 2735 Moeno·

105 2751 191 2818 nitas,
211 2754 258 2823 qui
277 2752 416 2807 Christum
435 2770 500 2807 vere
519 2758 657 2807 mortuum
675 2751 758 2821 impie
777 2752 924 2823 negabant.
945 2742 987 2799 ΔΨ

104 2823 233 2890 pastinata
250 2821 269 2874 l.
288 2823 325 2875 ad
342 2822 496 2893 quod-vult.
513 2821 618 2876 haeres.
637 2826 679 2876 21.
699 2827 740 2875 22.
762 2825 782 2875 t.
801 2830 825 2875 o.
847 2820 903 2875 col.¹
916 2821 947 2873 tt.
958 2804 989 2867 G.)

105 2926 133 2989 6.
161 2925 238 2990 Cain
251 2948 322 2990 nero
339 2928 513 3010 sepulturae
528 2925 645 2989 Christi
653 2927 826 2987 immediate
837 2923 990 3007 srttjiotrnr

136 3012 283 3074 articulus
300 3014 336 3074 de
351 3015 494 3075 descensu
510 3013 552 3073 ad
565 3012 692 3089 inferos,
706 3032 809 3073 verene
829 3006 968 3075 &eristum

297 3098 340 3160 ad
360 3097 477 3169 inferos
500 3096 687 3160 descendisse
707 3092 830 3157 credis?

192 3194 462 3279 Quandoquidem
496 3195 679 3278 symbolum
712 3193 921 3278 apostolicum
947 3185 998 3249 h⁰⁰

104 3279 210 3365 ipsum
242 3281 374 3346 exsertis
414 3280 520 3345 verbis
556 3278 684 3364 asserit,
721 3279 851 3344 omnino
886 3271 1002 3363 qudem
