2250 3772
291 245 444 331 Syllabus
465 269 571 310 rerum
592 255 624 310 et
644 247 822 314 verborum.
950 247 1015 312 649

102 417 231 482 Domus,
250 414 367 468 sumitur
389 415 418 467 in
437 415 488 468 IX.
508 420 657 484 praecepto
681 432 732 483 pro
750 413 840 469 bonis
852 420 910 468 tam
928 415 1014 470 mobi-

137 483 225 551 libus,
251 500 334 552 quam
359 483 554 539 immobilibus.
581 489 636 538 138.
679 485 740 554 ejus
768 483 910 537 affectatio
935 489 1010 539 certo

141 553 223 606 modo
242 552 270 604 in
287 552 353 606 Vll.
373 558 401 606 et
419 552 469 606 IX.
486 553 642 623 praeceptis
661 552 841 607 interdicitur.
862 559 919 608 142.

102 639 194 691 Dorta
215 636 383 760 {pqtpitppssa
402 644 585 693 recensentur.
606 642 740 692 3111322.
765 636 894 691 dicuutur
911 638 1015 709 baptis·

137 723 207 759 mus.
281 747 286 758 .
362 752 366 759 .

104 793 229 859 Donum,
249 808 361 854 merces,
381 791 483 859 pratia,
504 790 658 861 promiscue
679 795 831 845 sumuntur.
853 796 911 846 188.

102 860 256 913 Dubitotio
280 860 437 926 desolate,
461 877 515 913 non
538 865 580 913 est
598 860 757 929 scripturae
775 877 796 913 s.
822 866 1016 916 consentanee.

139 934 198 984 385.

103 1064 176 1121 Βὰν
195 1065 243 1132 μὴ,
259 1063 363 1135 ubique
382 1063 410 1114 in
428 1061 567 1131 scriptura
584 1078 634 1132 per
651 1064 709 1115 nist
724 1063 857 1117 redditur.
878 1069 936 1120 382.

103 1134 251 1200 Ecclesia,
275 1131 416 1185 autoritati
435 1130 593 1199 Scripturae
614 1149 633 1184 s.
652 1137 759 1184 tantum
776 1140 918 1186 externum
938 1132 1015 1186 testi-

139 1201 465 1270 moniumperhibet.1b.
483 1205 536 1254 196
559 1244 564 1254 .
590 1205 705 1253 nonest
723 1201 843 1253 medium
861 1202 1014 1254 solitarium

64 1335 77 1345 .
141 1270 247 1341 aliquid
266 1269 405 1331 credendi.
427 1275 465 1323 11.
495 1217 678 1322 1611110111]
693 1269 778 1340 vulgo
795 1269 1016 1339 apocryphorum

140 1339 287 1393 autoritate
307 1355 415 1406 semper
433 1337 579 1390 dubitavit.
595 1342 634 1391 16.
659 1345 758 1400 custos,
777 1339 864 1403 testis,
880 1341 1015 1407 interpres

84 1452 88 1466 .
141 1408 299 1477 Scripturee
325 1426 346 1461 s.
369 1411 424 1472 est,
449 1407 504 1458 imo
528 1423 595 1460 vera
619 1407 736 1460 ecclesia
760 1407 935 1476 cognoscitur
955 1412 1016 1460 tan-

104 1475 108 1491 *
136 1478 280 1530 tummodo
299 1475 525 1545 perscripturus.
548 1481 585 1530 19.
614 1480 719 1528 textum
739 1492 871 1545 graecum
888 1476 918 1530 in
929 1476 965 1531 N.
977 1476 1011 1531 Τ.

140 1561 193 1617 pro
215 1545 373 1600 authentico
398 1544 519 1613 agnovit.
542 1549 582 1599 23.
629 1560 684 1597 non
711 1561 779 1613 opus
805 1544 889 1599 habet
913 1544 1017 1599 visibili

135 1614 232 1734 jupice
251 1614 280 1666 in
298 1612 490 1667 controversiis
507 1612 580 1668 fidei.
600 1618 659 1668 377.
703 1619 781 1667 extra
806 1613 882 1667 illam
900 1617 1018 1668 nonest

105 1726 108 1730 .
133 1698 220 1736 'saus
243 1688 300 1737 331.

104 1767 248 1833 Ecclesia,
265 1766 347 1818 datur
365 1765 395 1817 in
413 1766 525 1821 mundo.
547 1770 604 1820 330.
648 1766 785 1820 definitur.
807 1770 864 1820 331.
900 1781 1016 1820 10161-

139 1835 261 1907 plicatur
281 1839 309 1888 et
327 1834 444 1887 sumitur
461 1834 543 1886 varie.
564 1839 622 1888 331.
666 1835 783 1888 sumitur
800 1835 845 1887 hic
863 1851 913 1902 pro
933 1840 1017 1888 coetu

139 1910 300 1958 vocatorum
319 1903 483 1971 promiscuo.
510 1907 567 1956 331.
605 1902 705 1973 impios
729 1909 757 1957 61
781 1903 942 1972 hypocritas
968 1901 1015 1955 ad·
1055 1954 1058 1961 .

138 1973 239 2027 mixtos
267 1971 359 2026 habet.
387 1977 449 2050 332:
475 1976 532 2025 334.
576 1989 641 2034 aaa,
669 1980 789 2051 coacto&
805 1970 1014 2051 catholicauetc.

138 2059 196 2166 33¹
213 2040 1016 2167 ”tillut-tltillitteraturattulit:

139 2155 200 2234 stus
219 2184 269 2232 est.
299 2152 357 2233 335]
400 2150 456 2231 101
479 2127 548 2246 obus
577 2176 662 2231 hebet
684 2177 785 2231 visibili
808 2128 917 2232 1161110,
944 2178 1015 2232 ibid.

139 2255 239 2302 caueto
257 2251 305 2302 est.
329 2251 377 2300 331
399 2262 455 2315 seq.
495 2252 588 2314 potest
606 2252 699 2300 tamen
718 2246 895 2300 nihilominus
915 2262 1014 2301 errare.

139 2322 190 2372 339
211 2332 250 2386 sq.
278 2319 307 2369 et
332 2315 433 2368 erravit
460 2315 543 2369 etiam
569 2316 677 2384 saepius
714 2321 764 2372 339
792 2334 832 2386 sq.
865 2321 925 2371 418.
967 2315 1016 2368 ha·

138 2386 189 2439 bet
208 2401 272 2437 suos
292 2383 320 2435 in
338 2383 460 2452 puritate
478 2385 590 2454 gradus.
611 2390 668 2439 341.
713 2384 852 2438 catholica
874 2391 916 2439 est
940 2400 1013 2453 resp.

119 2453 281 2517 ,doctrinae
300 2459 350 2506 etc.
371 2457 429 2507 348.
467 2453 624 2521 apostolica
642 2454 744 2508 itidem.
762 2459 820 2508 350.
851 2461 936 2506 nolae
955 2453 1018 2520 ejus

137 2525 326 2578 recensentur.
346 2526 393 2575 351
416 2537 472 2590 seq.

106 2608 241 2662 Ecclesia
260 2605 415 2658 christiana
432 2606 590 2674 primitivo,
607 2605 740 2674 mysteria
750 2603 815 2659 fidei
829 2604 940 2674 quidem
952 2604 1018 2658 viva

138 2693 208 2730 voce
226 2674 384 2728 rudioribus
406 2674 557 2742 proposuit.
580 2683 601 2729 1.
640 2691 695 2727 101
713 2679 806 2728 tamen
823 2690 946 2744 unquam
962 2671 1017 2727 fuit

139 2761 252 2815 prorsus
279 2743 384 2812 absque
412 2746 557 2813 scriptura.
575 2749 617 2800 11.
661 2743 740 2797 testis
764 2748 806 2797 est
832 2742 953 2796 canonis.
974 2747 1016 2801 10.

140 2813 296 2869 versionem
319 2812 368 2864 lat.
392 2811 467 2880 vulg.
494 2830 544 2881 pro
569 2811 731 2867 authentica
756 2827 812 2863 non
838 2809 942 2865 habuit.
975 2814 1016 2865 23.

138 2882 240 2936 habuit
257 2879 428 2948 Scripturam
446 2897 466 2932 s.
493 2883 521 2933 in
539 2879 641 2952 linguis
660 2880 823 2934 vernaculis.
844 2886 885 2934 16.
919 2877 1017 2948 imagi-

138 2967 189 3004 nes
208 2949 310 3004 Christi
333 2955 362 3002 et
385 2949 572 3017 apostolorum
597 2967 612 3004 6
635 2948 745 3017 templis
771 2964 827 3002 nou
846 2946 1017 3014 deturbavit.

140 3025 183 3075 69.
222 3019 257 3071 de
274 3017 544 3087 peregrinationibus
566 3020 601 3072 ad
620 3019 682 3072 loca
700 3034 778 3076 secra
796 3015 959 3070 nihil-novit.
975 3019 1018 3071 84.

139 3087 332 3167 magistratum
358 3085 502 3154 politicum
526 3087 646 3157 agnovit
666 3091 706 3142 93.
740 3086 902 3155 conjugium
926 3100 1016 3139 sacen

140 3156 253 3210 dotibus
271 3171 327 3208 non
352 3154 500 3208 interdixit.
524 3163 579 3210 120.
613 3172 665 3210 nec
683 3154 901 3208 satisfactionem
918 3153 1016 3222 operis,

140 3225 190 3279 sed
210 3223 384 3293 disciplinam
407 3224 621 3279 ecclesiasticam
645 3225 721 3277 ursit.
746 3229 802 3277 lte.
844 3228 918 3277 certo
934 3222 1019 3288 modo

139 3310 191 3364 pro
208 3291 347 3348 defunctis
365 3293 461 3349 oravit.
482 3299 541 3348 441.
562 3298 621 3349 443.
664 3292 718 3346 alio
735 3290 791 3346 fine
805 3291 928 3362 jejunio,
948 3290 1020 3348 ccle-
