2250 3772
366 249 516 335 Epistola
536 249 740 317 dedicatosia.
921 280 925 289 ·
950 267 1018 314 xlx

96 439 200 502 petam
220 439 307 481 meac
327 419 419 482 etiam
443 421 478 483 in
498 442 551 484 uos
572 421 689 484 debitae
709 422 895 484 reuerentiae
908 421 1016 505 publi-

96 527 172 566 cum
193 503 323 588 aliquod
348 515 578 568 monumentum
605 501 836 568 consecrarem?
878 504 1017 591 Accipite

97 608 176 672 erpo
195 587 269 672 bas,
293 610 370 671 quas
394 590 506 672 offero,
528 600 556 651 et
577 587 634 652 boc
656 591 724 673 ipso
747 588 886 672 cohibeo,
903 590 1015 674 popel-

96 673 151 735 las
174 671 361 748 chartaceos,
384 672 440 735 bas
454 696 538 737 meas
564 672 788 736 lucubrationes
810 683 839 735 et
853 674 1017 738 institutio·

96 779 155 820 nes
176 756 386 840 cateclteticas,
409 769 437 820 et
458 758 581 840 quidem
601 759 634 819 in
640 759 722 842 fidei
735 769 763 819 et
776 758 935 841 relipionis
950 759 1015 821 sin-

97 863 204 916 ccrac,
231 863 325 923 quam
349 843 538 906 unanimiter
565 865 602 906 en
624 844 715 906 verbo
737 841 803 904 Dei
820 845 1016 926 profitemur,

97 928 309 990 testimonium
315 969 326 1002 ,
347 928 380 999 in
401 928 520 990 debitae
541 928 752 990 observantiae
774 927 959 1009 symbolum,
981 929 1015 991 in

96 1031 190 1072 verae
212 1033 250 1072 ac
275 1010 440 1092 fraternae
466 1011 684 1075 beneuolentiae
710 1013 847 1094 sipnum,
881 1012 915 1075 in
934 1032 1016 1074 amo-

94 1096 144 1158 ris
160 1093 329 1177 sinpularis
343 1106 500 1173 tesseram,
518 1096 551 1159 in
562 1096 763 1180 pratitudinis
778 1097 906 1178 denique
912 1097 1017 1179 justae

96 1190 207 1244 notam
238 1180 376 1262 accipite.
435 1180 506 1243 Has
532 1179 668 1264 fideliter
703 1203 820 1244 mecum
846 1181 1017 1263 proponite

31 1323 36 1331 .
98 1264 299 1327 auditoribus
340 1265 465 1341 uestris,
506 1264 651 1327 incultatc
693 1265 864 1327 domesticis
900 1265 1015 1346 vestris,

97 1348 268 1432 replicate,
290 1351 405 1422 acuite,
427 1350 568 1432 repetite,
590 1350 789 1432 inpeminate,
814 1359 848 1410 ut
876 1351 920 1412 sic
942 1349 1016 1411 baec

89 1433 227 1517 pietatis
250 1431 460 1515 fiendamenta
489 1455 559 1496 cum
586 1432 664 1496 lacte
693 1445 833 1497 materno
856 1434 1017 1516 imbibant,

97 1541 120 1581 a
150 1518 263 1600 pueris
298 1539 408 1581 sacras
444 1518 549 1581 imeras
584 1519 765 1594 addiscant,
804 1528 832 1579 et
866 1519 912 1580 bis
937 1518 1016 1602 ipsis

97 1604 146 1667 ad
186 1601 335 1678 salutem,
380 1623 438 1685 per
464 1603 584 1685 fidem,
630 1623 708 1685 quac
743 1613 788 1665 est
823 1603 856 1664 in
893 1599 1016 1665 C'bristo

95 1688 193 1769 ἄεσα,
229 1687 324 1770 periti
350 1687 439 1768 fiant.
503 1684 597 1762 Quod
629 1689 657 1749 si
689 1687 802 1750 multos
834 1688 943 1750 iisdem
973 1687 1017 1749 ad

93 1772 254 1854 scentiam
282 1771 585 1854 infomeaoerimus,·
607 1771 743 1835 coelestis
774 1773 866 1835 etiam
898 1770 1017 1854 ploriae

95 1855 320 1920 haereditaturi
340 1857 374 1919 in
395 1857 529 1919 debitam
550 1856 692 1918 icborurn
706 1856 1017 1938 recompensationem

95 1942 287 2024 sempiterno
315 1962 385 2004 cum
402 1941 535 2024 foenore
563 1941 772 2005 obtinebimus.
814 1941 940 2003 Interea
959 1963 1017 2002 ra-

95 2026 157 2089 letc
187 2025 250 2089 riri
274 2026 433 2089 reuerendi
461 2036 489 2088 et
516 2025 796 2109 praestantissimi,
828 2045 933 2107 meque
950 2024 1017 2106 piis

95 2110 212 2174 vestris
228 2110 376 2192 precibus
397 2111 643 2173 commendatum
665 2111 788 2185 habete,
810 2110 920 2172 studiis
941 2110 1017 2171 meis

86 2195 217 2280 favete,
234 2194 350 2278 favore
371 2205 400 2256 et
421 2216 528 2258 amore
547 2193 636 2259 solito
657 2217 704 2258 me
719 2195 869 2309 prosepui
883 2194 1015 2278 perpite,

95 2290 127 2344 ct
147 2299 198 2340 me
219 2300 322 2362 psum
342 2289 439 2341 totum
457 2289 592 2344 oestrum
611 2300 675 2342 esse
689 2281 801 2345 scitote.
838 2277 1017 2342 Scribebam

96 2365 134 2427 in
155 2363 274 2446 inclyta
295 2361 469 2428 Hessorum
493 2361 598 2440 (lissa,
620 2365 669 2427 die
691 2365 783 2429 Febr.
804 2366 856 2429 16.
888 2365 981 2428 1613.

186 2481 230 2548 V.
252 2480 300 2551 Vs

311 2603 354 2667 R.
375 2599 421 2666 D.
443 2612 472 2665 ct
491 2600 533 2666 P.
556 2599 683 2665 stadios.

395 2721 602 2829 ¹banrslus
624 2746 823 2842 bisterton,
849 2773 943 2828 Pract.

460 2849 620 2974 Philosopls.
638 2849 759 2906 Profess.
778 2850 854 2920 publ.
875 2856 903 2903 et

603 2918 834 2991 acdsgogiurchs.
