2250 3772
1034 40 1039 342 l

99 395 274 465 nominibus,
293 396 359 466 quia
377 413 434 450 una
451 402 495 450 est
510 397 637 465 essentia,
656 413 715 451 una
732 396 872 469 divinius
886 414 937 453 una
949 414 992 453 ns·
1035 344 1039 479 i

102 467 192 546 jestas
210 464 312 532 divina,
330 470 360 519 et
378 483 449 518 unus
464 466 550 534 Deus,
569 466 673 535 Epiros.
692 469 717 533 4,
737 470 765 547 ὅ,
783 469 864 538 cujus
880 466 993 530 manha
1036 510 1039 537 ,

103 533 279 589 invocatione
297 538 325 588 et
343 534 491 589 autoritate
502 534 655 605 baptismus
667 533 820 604 perficitur.
837 536 907 593 Vide
915 536 993 591 ΑΜ.

104 602 126 657 l.
146 609 167 657 1.
187 603 222 657 de
240 600 344 672 Spiritu
365 612 461 658 sancto
478 620 502 658 o.
525 610 564 660 14.
583 609 604 659 t.
624 608 648 658 2.
666 621 694 673 p.
716 608 785 673 129.)

103 226 171 293 506
329 225 436 314 Caput
455 226 516 297 IV.
557 229 611 293 De
630 228 804 315 baptismo.

146 740 194 806 15.
243 740 402 820 Quomodo
424 764 495 804 vero
518 743 578 805 ista
600 743 755 804 immersio
777 742 826 806 vel
846 742 969 826 aspersio
1035 725 1039 835 l!

461 829 532 903 fieri
552 825 661 889 debet?
1035 864 1039 919 1

192 924 415 1010 Adiaphorum
448 923 543 1009 plane
569 936 633 1002 est,
666 924 733 988 sive
760 926 817 990 fiat
845 926 879 990 in
904 926 996 1001 frona,
1035 928 1039 1025 l

106 1008 174 1073 sive
195 1009 229 1072 in
266 1023 381 1086 colore,
400 1009 466 1072 sive
486 1009 520 1072 in
536 1031 689 1096 corporeo
705 1021 784 1088 toto,
808 1010 942 1097 itemque
958 1010 995 1075 rel

111 1116 185 1170 una,
207 1032 264 1157 vei
279 1095 413 1178 duabus,
436 1094 487 1157 vel
509 1094 610 1159 tribus
632 1094 766 1161 vicibus.
803 1097 856 1160 Ea
876 1097 953 1160 enim
968 1096 997 1159 de
1035 1030 1039 1169 i

109 1200 144 1242 re
171 1179 295 1242 nullum
327 1179 361 1241 in
393 1178 509 1243 divinis
541 1179 641 1244 literis
671 1180 722 1244 vel
752 1180 936 1246 mandatum
960 1179 996 1245 vel
1035 1172 1039 1281 l

1037 1286 1039 1315 l

106 1264 289 1349 exemplum
310 1276 423 1331 exstat.
1036 1318 1039 1347 ‚

110 1418 158 1481 16.
185 1416 248 1482 Sed
262 1441 341 1481 anne
359 1421 452 1479 verba
469 1420 547 1480 ista:
568 1414 608 1479 ln
628 1416 757 1481 nomine
771 1416 881 1482 Patris
898 1428 928 1482 et
939 1412 998 1482 Fili

261 1515 293 1566 et
315 1501 454 1587 Spiritus
475 1500 576 1565 saneti
599 1503 762 1565 immutare
783 1504 875 1567 licet?

194 1602 272 1666 Non
298 1606 384 1681 licet,
420 1602 496 1685 quia
524 1602 573 1666 his
593 1602 670 1688 ipsis
704 1612 728 1670 l.
755 1601 902 1669 Christus
919 1602 995 1667 riam

109 1697 141 1752 et
162 1686 298 1751 formam
326 1688 477 1772 baptismi
505 1687 729 1773 praescripsit,
758 1699 790 1751 et
820 1690 851 1754 2.
873 1706 997 1775 expresse

109 1772 206 1837 trium
234 1796 442 1872 personarum
472 1772 508 1836 fit
535 1773 673 1848 mentio,
707 1784 738 1836 et
770 1775 798 1839 3.
831 1770 997 1859 praesentia

24 1858 28 1867 ⁴
110 1858 268 1923 confessio
290 1870 321 1922 et
344 1858 502 1921 invocatio
522 1858 617 1922 totius
638 1857 788 1921 trinitatis
808 1859 997 1922 confirmator.

182 1977 313 2041 (Errant
330 1975 339 2027 i
361 1974 416 2028 'tur
430 1974 630 2043 Catapbrppas,
650 1976 794 2028 Mareotae
806 1985 834 2029 et
846 1973 997 2039 Paulatim}

109 2045 158 2116 qui
173 2045 203 2097 in
218 2044 328 2098 nomine
366 2044 484 2096 rinitatis
498 2044 694 2113 baptisandum
707 2051 855 2115 negarunt
871 2047 946 2099 Edar
956 2058 996 2096 ma

110 2113 173 2167 teol.
199 2112 303 2167 haeres.
326 2112 391 2165 olas.
417 2119 439 2167 2.
465 2113 493 2164 in
515 2114 589 2167 verb.
616 2112 744 2182 baptism.
775 2132 801 2167 n.
829 2121 851 2167 1.
895 2110 997 2167 Pronol.

109 2181 217 2236 elench.
238 2182 341 2235 haeres.
361 2181 377 2235 l.
398 2187 421 2236 3.
439 2181 544 2234 haeres.
567 2188 604 2235 10.
623 2199 642 2250 p
667 2187 723 2236 123.
742 2181 770 2235 b.
790 2190 818 2235 et
837 2183 856 2239 l.
879 2181 996 2238 inlita

110 2255 214 2372 5389.
233 2250 259 2303 b.
298 2254 408 2302 Errant
430 2256 454 2303 2.
473 2251 586 2309 Ariani,
608 2249 655 2320 qui
677 2250 855 2319 baptisarunt
877 2252 905 2304 in
920 2263 997 2304 nonen

136 2318 212 2384 atris,
230 2335 280 2387 per
297 2318 408 2386 Filium,
425 2318 453 2370 in
475 2318 493 2372 S
515 2318 579 2372 iritu
603 2326 706 2372 sancto.
741 2320 862 2388 Niceph.
883 2320 900 2373 l.
922 2324 955 2375 16.
969 2312 997 2369 li-

110 2383 175 2440 stor.
203 2402 226 2439 o.
255 2394 296 2441 35.
325 2387 376 2440 col.
406 2393 478 2442 1044.
494 2337 527 2441 i:
572 2389 684 2440 Errant
710 2392 733 2441 3.
758 2389 943 2454 Eunomians',
963 2382 997 2463 qni

110 2454 295 2525 baptizabant
312 2454 340 2507 in
360 2472 460 2509 nomen
472 2455 526 2509 Dei
544 2456 666 2523 increati,
684 2455 714 2508 in
731 2473 833 2510 nornen
845 2458 910 2511 Filii
926 2460 996 2517 creat.

110 2530 139 2579 et
156 2525 185 2577 in
200 2541 298 2577 nomen
319 2524 436 2593 Spiritus
461 2524 624 2578 sanctificati
634 2532 673 2578 eet
696 2542 714 2578 a
730 2533 823 2579 creato
838 2526 909 2580 Filio
926 2520 997 2578 oresti

112 2594 256 2672 Epr‘phon.
274 2593 347 2646 haer.
369 2598 409 2646 76.
429 2594 446 2646 l.
466 2600 489 2647 3.
515 2599 534 2645 t.
559 2601 580 2648 l.
606 2613 632 2664 p.
652 2600 709 2647 litt.
750 2597 865 2647 Errant
883 2603 905 2649 4.
925 2589 998 2664 quiin

102 2678 220 2716 -nomrne
241 2667 435 2715 sacrosanctae
460 2662 592 2717 trinitatis
618 2662 757 2782 baptisare
782 2663 859 2717 idem
878 2680 933 2718 esse
951 2674 997 2713 con·

111 2731 243 2798 tendunt,
262 2747 295 2783 ac
315 2729 455 2799 baptisare
474 2731 504 2783 in
520 2731 630 2784 nomine
674 2731 753 2798 atris,
771 2731 838 2784 Filii
858 2738 886 2786 et
903 2728 997 2800 spirito

111 2799 208 2852 sancti.
252 2799 387 2851 Salvator
410 2799 484 2852 enim
503 2818 559 2851 non
587 2801 683 2867 quovis
708 2802 793 2852 modo
824 2799 998 2870 baptisandis

105 2869 264 2936 praecepit,
282 2868 336 2919 sed
348 2868 472 2934 primam
493 2869 581 2920 dixit:
601 2870 712 2935 doceto,
733 2886 767 2919 ac
784 2870 912 2921 daniam:
929 2862 997 2933 sapt·

109 2944 171 2989 sata
190 2937 220 2988 in
238 2937 347 2989 nomine
364 2937 465 2989 Patris
489 2945 515 2989 et
532 2937 607 2989 Filii
623 2944 650 2989 et
670 2936 795 3003 Spiritus
813 2938 916 3002 sancti,
936 2941 962 2987 st
975 2944 998 2983 ιτ

108 3006 243 3059 doctrina
260 3013 339 3057 recta
351 3007 427 3070 fides
440 3006 587 3067 orreretur,
607 3013 632 3058 et
649 3023 711 3058 cam
719 3007 779 3072 ficte
794 3000 997 3074 baptismatis·

110 3082 192 3141 lepra
204 3074 326 3126 initiatio
337 3076 531 3142 perficeretur.
549 3075 688 3131 Attianos.
701 3090 781 3129 serm.
793 3079 816 3127 3.
829 3082 913 3128 contr.
924 3070 997 3145 Ariss}

110 3149 129 3195 t.
146 3148 166 3194 1.
183 3159 209 3210 p.
227 3147 283 3195 219.
298 3140 327 3195 C.
363 3143 416 3194 Nil
434 3144 533 3197 obstat.
554 3142 628 3212 quod
649 3142 766 3212 apostoli
784 3142 915 3214 leguntur
929 3142 997 3207 bspt-

108 3226 188 3263 zasse
206 3210 234 3263 in
253 3210 364 3264 nomine
384 3209 485 3264 Christi
514 3211 612 3264 Actor.
626 3218 651 3273 2,
663 3215 706 3264 38.
727 3217 756 3265 et
775 3229 799 3268 c.
813 3217 857 3268 10.
874 3212 921 3265 alt.
936 3208 996 3261 ott·

110 3284 135 3333 s.
154 3276 218 3334 Non
234 3279 307 3333 enim
323 3279 363 3334 ns
380 3278 470 3333 forma
488 3251 619 3350 baptismi
638 3279 820 3350 describitur,
847 3281 897 3336 seo
913 3282 997 3335 tantun
