2250 3772
159 232 164 287 ἶ
249 236 301 303 De
322 250 460 321 persona
483 234 613 300 Christi.
822 234 883 300 281·

86 421 100 458 a
118 404 279 460 mediatoris
299 405 482 476 intelligenda
504 404 640 457 duntaxat
665 420 727 458 esse
751 401 886 459 asserunt

86 474 96 527 Ξ.
112 473 130 531 l.
148 473 186 529 ds
204 474 279 528 hum.
300 474 363 528 Chr.
382 479 440 530 nst.
460 490 483 527 c.
494 480 517 527 1.
534 490 562 542 p.
577 478 633 528 181.
646 471 673 528 b.
703 473 886 527 concedimus

101 543 162 603 sed,
181 543 256 613 quod
273 559 359 612 supra
375 541 546 599 notavimus.
564 541 618 608 ita,
635 547 667 595 ut
684 546 733 594 aut
750 541 787 594 ad
804 541 886 595 alter·

87 616 213 665 naturam
225 618 275 665 aut
287 613 324 665 ad
335 618 481 681 utramque
491 610 655 677 referantur,
671 610 726 662 nisi
739 625 886 691 personam

86 698 92 733 ι
109 680 178 750 quid
195 686 317 735 statuere
334 680 460 749 velimus,
480 696 580 748 nempe
591 678 629 731 ali
650 678 699 732 uid
713 678 791 732 ahud
806 696 885 749 prae·

87 754 171 803 tatem
188 755 218 804 et
233 749 442 816 humanitatem,
462 747 537 818 quod
549 695 708 803 absurhum.
741 748 793 802 Est
810 748 885 804 enim

86 818 191 941 phamafis
227 818 732 941 ersom3siitsi·nniatpcsituasgrenario&3
748 819 885 941 meolsp.

152 903 336 944 ..ca..
413 931 418 942 .
487 902 667 939 .ec..‚
734 903 885 944 .ec..

86 960 120 1011 11.
157 904 311 1010 mrampa
331 904 437 1026 qpiagde
456 954 628 1009 restitutione
639 903 800 1023 Iinnjestatis
818 955 885 1010 Dei·

86 1033 120 1077 :ts
137 1023 174 1078 ob
193 1029 381 1095 antegressam
399 1024 611 1078 exinanitionem
629 1028 783 1092 exponunt,
808 1027 886 1078 Besa

87 1131 93 1144 .
112 1092 175 1147 coll.
186 1093 288 1162 Momp.
307 1111 333 1163 p.
345 1099 385 1148 89.
404 1098 503 1149 11133.
539 1091 584 1146 Sic
602 1091 675 1145 enim
695 1098 723 1145 st
741 1092 803 1162 ipsa
819 1094 885 1148 Dei·

87 1162 181 1215 nauita
203 1163 285 1220 foret,
319 1161 496 1216 Absurdum!
523 1177 586 1214 cum
606 1159 732 1214 Christus
753 1160 836 1215 etiam
854 1162 885 1215 in

86 1229 248 1284 inanitionis
271 1237 346 1284 statu
363 1230 516 1284 secundum
535 1229 676 1283 Deitatem
695 1245 803 1299 semper
822 1247 885 1284 cum

86 1305 215 1368 operetur,
235 1301 301 1354 Jot.
323 1303 408 1367 t,17.
447 1305 470 1353 3.
489 1298 543 1362 Qui
560 1298 597 1351 ad
616 1297 754 1352 Deitstem
772 1307 886 1368 propter

86 1369 129 1420 stis
140 1367 398 1436 manifestationem,
414 1366 626 1422 declarationem
636 1371 664 1420 et
672 1366 884 1434 patefactionem

86 1441 107 1505 t,
129 1437 234 1517 Sadsst
252 1437 278 1490 d.
297 1437 346 1517 loc.
362 1454 423 1517 cap.
436 1443 460 1514 4.
478 1453 542 1558 pap).
560 1441 615 1490 193.
628 1435 656 1490 b.
670 1443 699 1489 et
715 1442 770 1490 las.
785 1452 808 1490 c.
844 1437 885 1490 At

86 1511 193 1628 titt
209 1505 885 1629 tsititt,antistitiistitit:

86 1642 173 1712 accipi
199 1660 255 1696 non
280 1649 380 1712 potest.
416 1649 440 1696 4.
460 1642 515 1703 Qui
534 1641 672 1711 duplicem
690 1642 884 1698 exaltationem

86 1751 93 1776 ‚
112 1718 141 1765 et
159 1711 273 1766 alteram
285 1712 454 1781 superiorem
466 1711 579 1775 Deitas,
598 1710 713 1777 alteram
726 1711 884 1766 inferiorem

86 1779 139 1833 tati
161 1779 328 1849 attribuunt,
353 1780 521 1849 superiorem
547 1786 640 1833 autem
657 1779 784 1833 omnibus
801 1796 884 1852 ange·

86 1865 107 1901 .a
123 1855 223 1918 regnet
239 1866 295 1903 non
312 1855 345 1903 ut
361 1865 506 1918 supremus
522 1866 585 1918 rex,
615 1847 664 1901 sed
683 1854 716 1902 ut
732 1848 823 1902 Patris
843 1848 883 1902 si·

86 1923 115 1971 et
132 1919 212 1987 regni
230 1933 356 1981 consors,
375 1920 483 1971 Zancle.
503 1917 521 1970 l.
542 1923 565 1970 2.
585 1916 620 1969 de
637 1916 689 1970 inc.
710 1933 737 1987 q.
758 1922 796 1971 11.
818 1921 836 1972 t.
856 1921 881 1973 8.

87 2003 144 2056 seq.
187 1986 231 2042 Sic
259 1984 331 2040 enim
358 1993 386 2040 11
409 1986 548 2056 duplicem
572 2000 716 2053 personam
740 1985 882 2043 invehunt.

86 2072 131 2124 [pr.
160 2056 196 2108 de
219 2057 326 2125 majest.
352 2055 498 2127 religiosae
521 2054 625 2107 adorat
642 2060 693 2109 etc.
729 2054 815 2109 Porro
832 2070 905 2125 pro,

86 2140 110 2177 re
128 2130 361 2194 argumentorum,
380 2141 451 2194 quae
471 2124 609 2194 ingerere
621 2127 719 2176 contra
731 2123 883 2177 secundum

86 2193 302 2247 nmunicationis
323 2210 412 2263 genus
429 2209 447 2245 a
464 2192 578 2247 desuitis
598 2198 626 2246 et
646 2190 722 2246 Calv.
741 2209 885 2262 opponun-

86 2267 192 2332 1uentes
211 2262 350 2316 notandae
373 2266 438 2314 sunt
463 2261 667 2315 ohservationes
687 2266 716 2314 et
734 2261 884 2316 distinctio·

86 2370 90 2383 .
109 2331 264 2384 Aniomatn
276 2331 476 2399 philosophica
492 2348 593 2397 mapno
611 2330 676 2382 hnic
692 2331 810 2397 pietatis
826 2349 883 2398 my·

92 2405 116 2452 1.
141 2400 211 2452 Tim.
230 2402 257 2467 3,
278 2403 326 2467 16,
347 2400 514 2451 indubitatis
535 2399 701 2467 Scripturas
719 2400 884 2454 testimoniis

86 2469 162 2534 thaso,
171 2486 227 2521 non
234 2476 299 2520 snnt
308 2470 485 2538 opponenda,
496 2470 548 2520 ssd
557 2469 699 2520 abeodem
706 2468 884 2524 removenda.

87 2556 106 2591 n
128 2537 217 2590 saltus
235 2535 284 2591 fist
308 2542 346 2596 sir
362 2536 392 2590 τὸ
411 2535 480 2590 citio
499 2539 587 2604 γένος.
626 2535 672 2590 Ita
694 2536 816 2590 concidit
832 2557 883 2590 πο·

86 2610 160 2672 lnior
187 2605 270 2658 illud:
296 2605 406 2659 finitum
434 2622 490 2659 non
516 2610 559 2659 est
587 2622 675 2674 capax
701 2603 816 2673 infiniti3
843 2606 883 2661 sic

86 2691 118 2729 ec
136 2672 216 2727 finita
234 2690 298 2727 caro
316 2674 441 2729 infinitas
458 2673 640 2744 hypostaseos
655 2677 705 2727 τοῦ
718 2673 802 2741 λόγου
819 2690 883 2743 par·

86 2741 147 2797 fieri
163 2748 266 2812 posset.
301 2743 480 2798 Absurduml
503 2743 569 2796 vide
588 2742 647 2796 Cot.
667 2745 694 2805 2,
711 2745 736 2796 9.
772 2740 810 2796 11.
827 2743 883 2795 Di·

86 2813 170 2865 idam
187 2812 259 2864 inter
278 2813 566 2879 communicationem,
589 2826 659 2880 quae
683 2810 720 2864 sit
741 2809 810 2863 sosoi
832 2814 882 2883 μέ-

86 2880 115 2935 ’el
133 2878 271 2949 σύγχυσιν
283 2881 328 2934 vel
345 2884 512 2964 peristomii
528 2897 579 2950 per
589 2879 829 2949 participationem
841 2896 883 2934 es-

86 2966 116 3003 m
128 2955 157 3004 11
168 2948 319 3014 formalem,
331 2967 388 3004 erse
403 2949 633 3016 commixtionem,
650 2947 707 3002 sive
721 2947 883 3002 transfusio·

86 3018 236 3104 esubjecto
249 3019 279 3071 in
288 3018 453 3090 subjectum,
471 3026 498 3072 et
514 3019 587 3072 inter
600 3016 884 3086 communicationem,

86 3092 173 3140 tasso
186 3086 347 3147 συνδύασιν,
366 3088 415 3142 nbi
426 3093 540 3156 propter
550 3093 675 3140 mutuam
688 3084 883 3158 περιχώρησιν,

86 3155 150 3209 nius
170 3155 290 3225 subjecti
309 3162 352 3211 est
367 3157 524 3226 proprium,
551 3156 656 3225 absque
679 3154 838 3210 confusions
855 3160 885 3210 et

86 3223 159 3278 sione
177 3224 258 3279 alteri
275 3223 308 3278 fit
325 3238 477 3280 commune.
505 3224 602 3290 Qualis
612 3223 823 3279 communicatio
841 3231 884 3279 est

86 3309 172 3363 orpus
195 3298 225 3348 et
246 3294 381 3362 animam,
405 3294 477 3349 inter
499 3294 603 3349 serrum
619 3298 650 3348 11
666 3291 768 3364 ignem.
803 3292 884 3348 Haec
