2250 3772
118 231 181 294 170
355 226 460 313 Caput
482 230 507 291 Ι.
552 229 603 292 De
627 229 789 314 decalogo.

119 397 231 452 Dicitur
248 404 271 452 t.
285 413 480 465 non-peccans,
498 412 553 449 non
570 397 708 466 negative,
727 396 802 466 quod
834 401 916 451 eccati

118 466 164 533 sit,
182 483 232 519 nec
254 482 309 528 eos,
329 464 376 535 qui
396 464 511 532 faciunt,
531 482 647 534 peccare
662 465 755 532 faciat,
773 483 785 518 s
835 471 916 520 tantu

117 535 257 605 parative,
283 539 411 602 respectu
430 533 535 586 scilicet
557 542 735 603 peccatorum
761 534 916 588 mortalium

117 603 271 675 gnantium.
307 602 331 654 E
348 602 430 656 dictis
448 608 565 666 constat,
586 603 777 671 differentiam
796 604 870 656 inter
883 620 916 671 pi

118 689 247 742 regnans,
265 671 322 724 sive
339 672 473 734 mortale,
497 677 525 725 et
547 688 734 750 non-regnans
760 672 819 725 sive
836 673 916 724 venir

119 741 241 810 pendere
259 757 314 793 non
332 739 458 793 absolute
473 756 524 808 per
543 756 582 806 se,
599 739 628 792 in
645 745 841 809 1psopeccato,
860 740 910 795 sod

118 809 241 863 cantium
266 808 455 878 qualitatibus.
501 816 521 863 1.
545 807 621 861 Illud
647 810 720 862 enim
743 815 786 862 est
807 809 836 862 in
858 826 916 864 non

123 877 175 931 hoc
194 878 222 929 in
241 876 345 931 renatis
363 882 487 945 tantum3
514 877 589 931 Illud
619 883 642 931 2.
662 876 695 930 fit
713 877 850 931 destinato
868 894 916 932 con

117 946 200 1016 pleno
218 944 366 998 voluntatis
387 962 516 1013 assensu,
546 945 599 998 hoc
626 961 660 998 cx
677 946 842 1015 improviso,
870 963 916 1001 sae

116 1013 271 1069 deliberato
290 1030 411 1068 assensu.
460 1013 535 1067 Illud
560 1022 583 1068 3.
605 1014 763 1068 dominatur
783 1020 811 1069 et
828 1031 916 1086 regna

118 1083 219 1136 virtute
247 1082 365 1152 Spiritus
391 1083 479 1136 sancti
501 1082 645 1137 cohibetur
665 1090 692 1136 et
709 1083 876 1152 reprimitur.
912 1084 916 1136 ἶ

118 1153 155 1206 ad
173 1157 313 1206 aeternam
337 1151 541 1206 damnationem
565 1151 684 1222 obligat,
713 1153 766 1205 hoc
786 1152 879 1221 gratia
897 1151 916 1206 1

117 1228 180 1290 pter
196 1220 336 1274 Christum
355 1219 511 1273 remittitur.
553 1219 628 1272 Illud
649 1228 672 1274 5.
694 1220 779 1274 tidem
796 1221 903 1274 excutit

116 1289 185 1344 tiam
206 1289 324 1359 Spiritus
342 1289 430 1342 sancti
450 1288 554 1358 perdit,
584 1288 637 1342 hoc
654 1306 705 1343 nec
723 1288 807 1342 fidem
826 1289 916 1358 necS

116 1365 245 1413 sanctum
262 1357 366 1412 excutit
390 1362 417 1410 et
442 1357 552 1410 amittit.
603 1359 714 1410 Errant
730 1358 817 1428 igitur
842 1365 864 1413 1.
878 1375 916 1438 po

121 1427 168 1496 qui
192 1432 308 1496 peccata
332 1426 468 1496 quaedam
494 1443 527 1479 ex
546 1432 646 1479 natura
669 1443 720 1479 sua
738 1443 797 1480 csse
821 1427 913 1481 venial

118 1501 260 1549 aeternam
285 1495 488 1549 damnationem
517 1495 615 1548 mereri
640 1501 767 1548 asserunt
803 1496 878 1548 Bell.
905 1495 916 1548 l

119 1564 210 1642 amisa
226 1569 301 1643 ¹grat.
321 1580 343 1614 c.
366 1569 390 1616 3.
410 1569 438 1616 et
455 1580 531 1684 seqq,
551 1567 571 1615 t.
592 1569 616 1616 4.
635 1564 685 1617 col.
704 1570 745 1617 tt.
759 1536 836 1616 dn.
854 1581 916 1644 oum

121 1638 149 1686 et
167 1649 310 1685 mmrmum
326 1637 473 1700 peccatum
510 1647 629 1685 ominem
646 1637 774 1686 aeternae
791 1638 916 1686 mortisn

118 1700 183 1767 ciat,
202 1703 282 1756 Rom.
301 1704 329 1768 5,
350 1704 391 1755 14.
411 1707 439 1754 et
457 1704 488 1768 6,
507 1704 560 1757 23,,
575 1707 602 1754 et
620 1700 667 1770 qui
687 1701 716 1753 i'n
737 1718 794 1755 uno
813 1700 916 1755 offendi

121 1768 154 1822 fit
177 1769 205 1822 in
227 1769 368 1831 omnibus,
391 1769 456 1821 Jac.
476 1772 502 1836 2,
523 1772 566 1823 10.
609 1773 665 1821 Nec
691 1771 793 1832 obstat,
818 1770 916 1840 quod]

117 1839 255 1908 quaedam
268 1839 448 1892 conferuntur
461 1837 605 1900 culicibus,
625 1839 761 1907 quaedam
780 1839 905 1906 camelis,

118 1910 164 1974 23,
186 1911 230 1970 24,
248 1906 385 2028 quaedam
403 1906 528 1974 festucis,
545 1907 683 1976 quaedam
701 1907 836 1971 trabibus,
862 1911 916 1960 [alc

118 1982 169 2032 etc.
205 1978 344 2029 Balaam.
367 1975 392 2030 d.
415 1976 433 2027 l.
451 1992 472 2028 c.
494 1983 518 2029 9.
535 1983 554 2029 t.
575 1981 599 2029 4.
620 1976 670 2029 col.
690 1981 730 2030 98.
750 1976 781 2028 Β.
801 1975 832 2029 C.
858 1975 916 2029 Hae

118 2051 227 2098 tantum
244 2045 395 2098 ostendunt
420 2061 480 2097 esse
497 2044 601 2113 gradus
626 2045 760 2114 quosdam
785 2051 916 2112 peccator

119 2113 174 2166 alia
192 2113 253 2167 aliis
271 2113 407 2182 graviora.
442 2113 512 2166 Inde
531 2120 624 2165 autem
642 2112 678 2165 ob
695 2113 840 2166 elenchum
859 2130 916 2166 coni

118 2182 154 2233 tis
172 2199 227 2234 non
247 2183 380 2251 sequitur,
399 2181 536 2250 quaedam
556 2197 606 2233 sua
626 2188 725 2234 natura
743 2198 803 2235 esse
822 2182 916 2235 venali,

117 2257 184 2302 rant
210 2256 237 2302 2.
258 2249 362 2315 Stoici,
388 2255 416 2302 et
441 2267 504 2303 cum
527 2249 623 2304 iisdem
644 2251 829 2315 donimanus,
858 2250 906 2320 qui

119 2318 211 2370 omnia
236 2325 352 2388 peccata
371 2318 449 2386 paria
467 2336 527 2372 esse
547 2319 759 2372 contendebant.
795 2318 858 2373 Vid.
878 2320 916 2372 Aa

118 2386 156 2439 ad
175 2385 323 2449 Quodmlt.
343 2387 447 2440 haeres.
466 2394 506 2442 82.
530 2395 549 2440 t.
569 2394 592 2440 6.
612 2386 664 2443 col.
684 2393 715 2440 30
737 2386 766 2440 (l.
809 2387 894 2441 Paria
915 2416 916 2431 r

120 2461 186 2508 sunt
203 2456 310 2509 ratione
330 2455 475 2524 stipendii,
499 2457 573 2525 quod
598 2472 671 2508 mors
688 2463 743 2521 est,
766 2458 852 2521 Rom,
872 2459 898 2523 6,

118 2524 198 2578 terim
216 2525 421 2593 comparatione
441 2525 521 2577 unius
539 2525 576 2577 ad
594 2524 720 2591 alterurn,
742 2524 797 2577 alia
808 2523 916 2577 suntal

117 2592 203 2656 viora,
222 2593 284 2646 vide
301 2594 367 2646 Jol.
389 2597 430 2660 19,
451 2597 492 2650 11.

120 2730 169 2793 19.
213 2730 338 2812 Ecquid
358 2732 486 2811 denique
507 2740 550 2792 cat
569 2739 735 2812 peccatam,
758 2729 841 2807 qaod
862 2729 916 2790 <lta

407 2815 558 2896 Spiritam
582 2810 745 2874 nunctum?

202 2914 377 2978 Peccatum
409 2914 442 2975 in
464 2911 620 2996 Spiritum
645 2924 789 2974 sanctum
820 2923 870 2974 est
900 2933 916 2974 a

117 3012 149 3063 et
169 2999 203 3061 in
225 2997 419 3062 conscientia
439 2997 633 3082 approbatae
656 2995 797 3059 veritatis
815 3018 916 3081 evang

79 3134 83 3141 .
117 3083 275 3147 destinato
305 3083 437 3146 consilio
468 3081 570 3157 facta,
606 3081 709 3143 libera
736 3080 916 3165 abnegatio}

118 3167 273 3254 pertinaci
302 3166 542 3252 impugnatione
572 3180 603 3228 et
631 3164 808 3228 voluntaria
833 3166 916 3250 blas}

118 3252 294 3335 conjuncta.
350 3253 477 3314 Dicitur
508 3253 589 3314 alias
619 3250 855 3335 peccatumjad
884 3273 916 3314 m
