2250 3772
232 264 235 269 ·
261 236 312 303 De
333 235 459 319 objecto
478 234 640 320 baptismi.
850 234 914 301 521

82 403 159 459 tibus
184 403 352 472 accendere,
379 410 409 457 et
433 398 578 473 perhanc
604 402 722 456 salutem
737 401 772 457 iis
791 401 917 457 conferre

79 480 109 527 it.
141 472 214 553 Alia.
231 479 325 553 antem
350 473 422 527 ratio
449 479 503 540 est,
524 472 573 525 ubi
589 488 640 541 per
657 477 847 552 contemptum
868 470 916 525 ba·

79 541 496 680 ltmttltlt¹·,l¹¹tttt
508 547 640 678 bittit?
653 539 920 677 ditabit

80 686 125 733 tes
142 696 161 732 a
175 680 264 733 salute
282 687 395 733 aeterna
412 697 467 733 non
485 678 670 743 excludimus,
698 678 746 732 sed
766 684 875 731 extract
896 676 915 719 ‘-

79 770 85 802 l
101 747 157 801 Dei
176 749 284 802 actione
301 748 393 801 salvos
411 746 478 814 fieri,
500 748 546 817 pie
562 747 707 800 credimus.
737 746 809 809 Quia
830 754 852 801 l.
864 762 917 816 pro

79 817 241 886 imptoribus
259 816 423 871 sacramenti
440 816 536 870 haberi
548 833 603 869 non
620 821 746 885 possunt.
774 815 811 868 Et
829 821 853 869 2.
866 829 919 894 per

79 903 101 940 is
125 893 183 939 tam
206 885 328 955 privatas
352 892 511 954 parentum,
530 902 614 954 quam
631 884 758 952 publicas
776 883 917 950 ecclesiae,

79 953 187 1008 nominc
199 954 386 1024 gravidarum,
402 954 613 1023 parturientium
626 961 654 1006 et
664 953 835 1020 lactantium,
853 950 916 1006 Deo

79 1023 91 1076 i
111 1029 184 1077 sunt
227 1023 265 1076 Et
282 1028 307 1077 3.
325 1022 402 1076 Deus
421 1040 450 1076 se
467 1040 522 1076 non
539 1029 664 1075 nostrum
689 1021 792 1090 solum,
817 1021 867 1074 sed
886 1024 916 1076 ct

79 1090 117 1144 nis
134 1091 221 1145 nostri
239 1090 330 1145 Deum
348 1090 506 1160 profitetur,
531 1090 601 1144 Gan.
618 1094 660 1157 17,
682 1093 703 1143 7.
736 1090 774 1143 Et
791 1096 815 1146 4.
832 1090 915 1144 bene·

79 1178 97 1213 n
117 1178 199 1212 snum
216 1160 245 1213 in
262 1159 382 1214 infantes
398 1160 529 1213 affectum
547 1159 711 1213 indubitatis
730 1157 917 1228 promissioni·

79 1229 207 1296 declarat,
223 1230 325 1284 Metili.
344 1234 385 1295 18,
405 1233 447 1282 14.
462 1237 489 1280 et
501 1231 544 1295 19,
564 1232 613 1294 143
630 1230 725 1280 Marc.
744 1230 788 1294 10,
808 1230 851 1280 11.
878 1226 917 1279 Et

78 1297 184 1366 :emplia
201 1297 326 1367 plurimis
347 1298 466 1352 eundem
483 1297 544 1365 ipso
562 1297 637 1350 facto
650 1296 856 1358 demonstravit,
874 1294 916 1348 in·

78 1385 113 1419 un
139 1372 208 1434 puta
232 1365 444 1420 Israiiliticorum
469 1372 535 1418 ante
552 1372 680 1418 octavum
700 1363 917 1418 circumcisionis
995 1370 998 1377 '

96 1435 317 1501 demortuorum,
337 1435 407 1489 Gca.
427 1436 469 1500 17,
488 1437 533 1488 12.
556 1439 602 1500 ll,
621 1433 651 1486 in
670 1434 780 1487 deserto
799 1451 850 1501 pcr
866 1450 915 1487 an·

78 1522 103 1557 m
121 1510 164 1557 40.
189 1504 337 1557 decursum
361 1520 417 1557 non
441 1501 681 1570 circumcisorum,
706 1503 770 1555 Jca.
790 1506 817 1571 6,
834 1505 867 1568 6,
897 1517 915 1554 a

79 1588 151 1626 acne
169 1572 220 1625 sub
242 1571 361 1641 primum
373 1570 443 1625 lucis
454 1571 585 1624 intuitum
596 1570 801 1633 suffocatorum,
821 1572 916 1623 Ecod.

78 1644 94 1697 Ξ.
130 1640 421 1695 Bethlehemiticorum
438 1639 474 1694 ab
494 1639 620 1707 Herode,
639 1641 742 1694 Metti.
762 1643 789 1707 2,
809 1642 858 1705 16,
885 1644 915 1693 ct

78 1709 194 1763 llitarum
220 1709 255 1763 ab
276 1708 416 1763 Antiocho
437 1716 501 1762 aute
527 1716 656 1762 octavum
685 1709 758 1762 diem
782 1713 915 1761 mactato·

93 1782 119 1831 1.
129 1779 258 1831 Moccob.
270 1782 294 1843 1,
316 1782 359 1831 61.
374 1781 416 1833 64.
453 1777 513 1831 Hos
531 1795 567 1831 ne
585 1778 746 1830 damnatum
761 1776 835 1830 ibis?
855 1791 913 1829 non

101 1847 136 1903 E.
158 1862 210 1900 nec
225 1852 341 1915 nostros,
358 1863 421 1900 cum
440 1846 595 1915 baptismus
612 1853 705 1899 noster
724 1845 753 1898 in
770 1843 915 1899 circumci-

78 1915 200 1968 slocum
219 1914 391 1979 successerit,
413 1915 520 1968 Coloaa.
540 1918 567 1977 2,
586 1918 627 1969 11,
664 1914 702 1968 Et
720 1919 743 1971 6.
763 1913 914 1982 baptistam

78 2001 100 2037 ic
118 1984 147 2037 in
166 1992 245 2038 utero
263 1985 359 2037 matris
376 1984 508 2038 latentem
527 1981 744 2037 extraordinarie
755 1981 873 2051 Spiritus
892 1998 916 2038 s.

78 2053 137 2116 ivit,
155 2055 224 2106 Luc.
242 2059 267 2121 1,
286 2057 329 2106 15.
349 2057 390 2107 44.
428 2053 603 2121 Augustinus
625 2051 679 2105 buc
696 2052 854 2105 commodat
871 2066 917 2104 ax-

78 2122 129 2174 lum
145 2121 261 2176 latronis
280 2123 340 2176 sine
358 2121 495 2190 baptismo
512 2120 619 2186 salvati,
639 2120 658 2173 l.
675 2127 701 2175 4.
720 2126 807 2175 contr.
822 2118 916 2173 Dona·

82 2207 106 2242 c.
125 2195 166 2245 24.
190 2199 211 2243 t.
229 2197 252 2244 7.
280 2190 332 2246 col.
351 2190 454 2244 litte.
490 2189 529 2242 Et
555 2189 675 2258 denique
698 2196 721 2244 ἵ.
739 2187 870 2258 baptismi
887 2195 917 2242 et

90 2259 196 2312 nonsit
213 2259 309 2312 cadem
322 2259 480 2319 necessitas,
499 2258 528 2310 id
542 2258 617 2327 quod
636 2258 807 2311 demonstrat
824 2262 915 2312 Bara-

77 2328 92 2381 l.
109 2327 191 2397 alleg.
210 2327 290 2395 epist
311 2334 352 2381 77.
371 2345 404 2381 ex
425 2327 517 2381 verbis
536 2329 631 2380 Marc.
644 2330 687 2393 16,
707 2330 750 2380 16.
787 2326 842 2391 Qui
859 2343 916 2380 non

77 2393 155 2450 iderit
178 2397 252 2464 (oon
273 2397 373 2459 addit,
401 2397 452 2464 qni
474 2414 530 2448 aon
550 2396 707 2463 baptisatus
721 2396 831 2464 fucrit)
850 2412 918 2449 con·

77 2463 197 2517 nabitnr:
215 2465 349 2517 nimirum
360 2465 484 2530 incaelis,
504 2465 595 2516 solam
606 2465 747 2517 interdum
754 2464 843 2533 'fldem
853 2465 916 2532 aas·

77 2536 152 2585 aad
176 2533 309 2600 solutam,
335 2542 361 2586 et
384 2535 445 2587 aiae
467 2534 532 2601 ipsa
548 2534 681 2600 sufficere
700 2533 779 2587 nibil.
815 2532 919 2587 Noster

77 2606 116 2653 ast
128 2603 274 2666 luthariis,
292 2602 341 2655 ubi
359 2601 411 2657 ait:
441 2610 510 2654 nota
530 2610 572 2654 est
589 2604 705 2671 rapula:
719 2603 841 2669 favores
858 2618 915 2653 am·

77 2672 163 2737 rados,
180 2671 291 2735 rigores
309 2678 401 2723 autem
420 2672 640 2738 restringendoa.
671 2671 711 2722 Id
720 2672 751 2722 iis
762 2671 816 2723 iac
827 2687 915 2722 caasa

77 2753 129 2790 nna
140 2757 204 2791 cum
215 2739 276 2791 Dci
286 2740 389 2806 gloria.
419 2742 472 2792 Eat
486 2742 559 2791 anim
576 2740 638 2806 ejas
650 2747 755 2791 actara
772 2740 918 2804 ignoscere

77 2804 182 2860 inarari.
213 2808 279 2861 Noa
300 2807 389 2875 igitar
402 2807 550 2860 statuimus
568 2807 628 2860 cam
647 2808 792 2860 darios-cm
810 2824 868 2859 esse
886 2806 918 2858 in

77 2877 170 2941 ’opali
188 2876 328 2944 infantes,
349 2894 418 2944 qiioa
440 2895 515 2928 mors
530 2876 678 2944 praecanit
694 2884 761 2941 etc,
785 2875 814 2928 in
831 2891 854 2928 c.
875 2880 917 2929 ll.

97 2947 116 2996 t.
135 2951 158 2999 2.
177 2962 206 3014 p.
226 2950 266 2999 92.
284 2961 309 2997 a.
329 2945 355 2999 b.
392 2944 502 3000 Confer.
520 2962 548 3014 p.
571 2950 611 2999 81.
627 2962 651 2999 a
669 2944 697 2998 b.
733 2948 844 2999 laram
862 2942 914 3013 igi·

82 3013 280 3080 ·Pclc9iaai,
306 3012 354 3082 qui
373 3014 509 3082 parvulis,
533 3013 641 3067 etiamsi
657 3030 713 3066 non
731 3012 915 3082 baptisantur,

77 3089 246 3136 maternam
258 3082 466 3150 promittebant.
487 3082 580 3135 Contr.
589 3082 655 3133 Joi.
668 3086 695 3145 3,
707 3084 734 3133 3.
748 3087 775 3138 6.
790 3084 815 3134 6.
841 3080 918 3135 Vide

76 3152 153 3204 aisa.
175 3150 258 3219 alleg.
276 3157 363 3203 contr.
374 3150 523 3217 Donatist,
542 3150 591 3203 ubi
604 3149 770 3220 Pelagianos
788 3149 914 3219 pluribus

76 3216 111 3270 ¹¹5.
144 3221 257 3273 Errant
276 3225 299 3272 2.
318 3237 331 3271 a
352 3217 537 3285 Uolsiniensis,
557 3218 604 3289 qui
622 3234 677 3271 non
695 3227 770 3273 corto
789 3227 817 3272 et
834 3217 915 3272 indu·

76 3281 140 3357 ier,
165 3287 215 3342 sed
232 3287 415 3357 probabiliter
433 3288 569 3342 duntaxat
587 3288 623 3341 de
640 3288 728 3341 saluto
744 3288 883 3342 infantum
900 3304 919 3340 a
