2250 3772
173 224 238 291 610
365 222 519 308 Syllabas
540 246 647 288 rerum
669 236 701 289 et
720 226 902 295 verborum

171 393 329 474 Pontificiss
370 392 507 448 Matthaei
539 391 716 463 evangelium
754 393 918 450 hebraicum
955 395 1061 466 rejiciunt

205 480 267 514 rs.
323 500 330 514 .

173 468 322 605 militiai,
342 528 480 612 significat
498 528 616 599 quodvis
633 545 691 585 vas.
712 535 772 585 549.

171 601 318 655 Possessio
335 601 442 669 iniqua,
459 596 632 653 describitur.
654 602 712 653 12³.
738 598 855 653 illarum
870 598 956 656 hodie
971 601 1021 656 alis
1033 603 1065 654 est

207 671 287 738 ratio,
304 686 387 739 quam
408 668 473 721 olim
491 667 520 720 iu
539 666 571 721 V.
589 665 710 721 Testem
732 672 789 723 132.

173 739 334 807 Praecepta
353 737 498 804 ἀθθαῖορί,
522 734 682 788 dividunmr
704 735 735 789 in
759 737 833 791 duas
856 736 978 791 tabulas.
1009 735 1066 792 uua

207 808 371 887 Deculopua
396 812 421 857 et
444 805 572 857 Tabulae
593 805 731 871 decaloys'.
768 806 870 860 decem
894 810 1067 861 sustollit.

206 877 283 930 varie
301 875 493 944 disponuntur.
514 874 580 925 ibid.
607 890 664 926 nou
681 880 801 943 possunt
820 874 936 944 disponi
950 877 1025 945 juxta
1039 873 1068 926 di·

206 944 380 998 stinctionem
397 941 601 995 versiculorum.
630 946 671 996 65.
712 942 743 995 in
760 949 824 997 toto
841 944 877 1001 N.
896 944 1016 1000 Testem.
1032 960 1069 996 nu·

208 1014 296 1083 spiam
314 1012 354 1065 ita
374 1016 544 1079 repetuntur,
568 1010 640 1064 sicut
665 1010 694 1062 in
715 1010 853 1083 decalogo
878 1012 1024 1067 habentur.
1038 1015 1069 1067 18.

206 1088 239 1137 95
258 1097 317 1150 seq.
353 1079 463 1149 singula
480 1079 584 1132 habent
599 1078 754 1149 singulares
772 1098 840 1133 suas
858 1082 1070 1135 comminationes

206 1157 235 1204 et
252 1149 383 1219 praemia.
401 1156 443 1203 si.
485 1147 602 1216 singula,
620 1164 731 1218 quoque
749 1148 827 1203 idem
844 1150 1024 1219 prooemium.
1040 1154 1070 1205 81.

207 1218 348 1291 generalia
372 1223 399 1271 et
419 1215 586 1271 universalia
606 1223 678 1271 sunt.
700 1221 756 1271 143.
799 1218 1007 1299 distinguenda
1021 1222 1072 1271 sunt

208 1306 241 1343 ex
258 1287 313 1341 Dei
328 1291 428 1340 mente.
448 1290 505 1338 144.
545 1302 600 1337 non
618 1284 758 1339 habentur
775 1285 951 1355 simpliciter
968 1305 986 1341 a
1000 1285 1073 1341 Panlo

206 1372 257 1439 pro
274 1373 330 1409 uno
369 1359 507 1422 raecepto.
528 1359 585 1407 145.
617 1369 673 1406 non
691 1361 809 1422 possunt
829 1355 961 1424 perfecte
979 1354 1074 1410 anobis

206 1423 323 1493 1mpleri.
386 1423 431 1475 ide
449 1424 550 1487 Lenem
568 1421 596 1473 in
614 1437 723 1491 genere.
755 1423 901 1493 primam,
927 1424 1012 1495 hujus
1026 1422 1074 1477 finis

204 1499 247 1547 θεῖ
275 1493 367 1545 cultus
385 1490 439 1543 Dei
464 1490 638 1544 immediatus
665 1491 798 1544 internus.
821 1498 865 1547 59.
912 1494 1030 1549 virtutes
1049 1506 1075 1545 ac

204 1561 274 1615 vitia
292 1561 320 1613 iu
345 1559 393 1613 illo
420 1559 633 1627 comprehensae
659 1565 849 1617 recensentur.
869 1568 914 1618 60.
968 1563 1034 1617 illud
1047 1562 1073 1614 de

205 1628 372 1698 imaginibus
391 1627 443 1695 ipsi
462 1644 572 1697 quoque
589 1628 698 1680 annecti
736 1634 820 1682 otest.
842 1636 885 1685 66.
918 1631 1074 1687 Conferlli.

205 1698 365 1763 secandum,
382 1694 465 1749 finem
483 1696 568 1749 habet
585 1695 689 1748 cultum
740 1696 766 1749 ei
782 1697 986 1755 immediatum
1003 1706 1073 1755 exter·

204 1784 271 1820 num
290 1780 439 1834 veramque
452 1765 569 1817 nominis
588 1765 663 1832 ipsus
676 1764 882 1822 confessionem
897 1777 954 1823 etc.
968 1776 1009 1825 13.
1027 1770 1073 1824 e'us

205 1836 320 1888 virtutes
347 1840 375 1888 et
400 1832 469 1886 vitia
494 1843 678 1887 recensentur.
711 1840 750 1888 15.
802 1837 986 1904 peculiarem
1006 1787 1074 1891 hairet

204 1903 443 1959 comminationem
462 1908 489 1955 ct
507 1919 631 1970 poenam.
648 1908 688 1957 bo.
715 1902 838 1968 tertium,
856 1905 924 1959 finis
944 1908 1027 1977 hujus
1042 1910 1073 1960 est

204 1973 318 2044 publica
336 1972 390 2024 Dei
407 1970 563 2025 celebratio.
578 1976 618 2026 36.
655 1971 772 2024 virtutes
791 1978 821 2026 et
840 1975 923 2027 vitia.
947 1983 987 2031 92.
1016 1992 1072 2029 com-

204 2043 318 2095 minatio
337 2046 365 2094 et
380 2056 476 2119 poena.
495 2044 536 2093 93.
566 2048 703 2108 quartum,
721 2040 804 2108 hujus
825 2041 892 2096 finis
915 2051 961 2098 θεῖ
982 2060 1071 2098 conser-

204 2112 278 2164 vatio
297 2110 401 2163 ordinis
424 2108 528 2176 politici
548 2117 598 2162 etc.
620 2114 662 2163 95.
702 2109 819 2162 virtutes
848 2119 878 2166 et
900 2114 975 2167 vitia
996 2130 1071 2167 recen-

203 2185 306 2233 sentur.
326 2186 366 2232 31.
404 2177 611 2246 promissionem
630 2177 779 2246 specialem
797 2178 895 2248 habet,
915 2190 950 2236 ut
970 2190 998 2236 et
1014 2198 1071 2235 com·

203 2248 387 2299 minationem.
409 2252 457 2299 lor
478 2262 533 2315 seq.
572 2247 708 2313 quinium,
726 2245 809 2313 hujus
831 2248 898 2302 finis
917 2258 963 2304 est
979 2266 1071 2305 couscr-

204 2317 278 2368 vatio
297 2316 370 2368 vitae
388 2320 416 2367 et
433 2315 542 2375 salutis,
563 2331 625 2367 cnm
643 2315 770 2383 propriae
789 2322 853 2369 tum
876 2319 1007 2374 aliorum.
1028 2322 1071 2374 113.

202 2384 279 2437 vitia.
300 2388 347 2437 131
363 2400 420 2452 seq.
451 2383 574 2437 virtutes.
597 2388 652 2437 111.
683 2383 828 2452 promissio
848 2394 878 2441 et
897 2386 1070 2441 comminatio.

202 2453 272 2508 ibid.
304 2460 417 2519 aearum,
436 2450 553 2504 hiefinis
572 2458 613 2504 est
632 2451 802 2505 conservatio
821 2456 967 2510 castitatis
984 2467 1011 2511 et
1021 2472 1069 2510 con-

200 2521 281 2592 jugii.
302 2526 359 2575 111.
399 2526 517 2589 peccata
536 2525 583 2573 113
602 2538 642 2601 sq.
684 2520 808 2574 virtutes.
830 2528 893 2578 111.
938 2524 1069 2594 promissio

203 2597 231 2645 et
248 2590 429 2643 comminatio.
451 2593 507 2642 121.
553 2597 713 2656 sepiternum,
738 2598 820 2669 urget
840 2596 1069 2649 conservationem

201 2676 292 2712 rerum
310 2663 338 2711 et
355 2657 565 2726 possessionum.
588 2662 644 2714 121.
666 2662 722 2714 122.
757 2666 886 2715 virtutes.
910 2668 968 2717 130.
988 2662 1068 2716 distin·

201 2735 276 2781 ctum
295 2732 337 2780 eet
355 2743 372 2779 a
389 2732 474 2780 sexto.
496 2731 552 2779 115.
596 2734 729 2789 octauum,
752 2733 837 2795 urget
860 2732 1068 2787 sanctionemet

201 2795 437 2850 conservationem
455 2793 585 2848 veritatis.
606 2799 663 2850 132.
698 2795 773 2850 vitia.
796 2801 846 2850 133
865 2815 924 2869 seq.
957 2801 1066 2854 virtutes.

204 2871 260 2920 131.
297 2863 440 2933 promissio
459 2870 487 2916 et
525 2878 602 2916 oens.
618 2864 680 2915 ibid
722 2882 834 2933 nonum,
854 2865 943 2937 hujus
960 2868 1020 2923 finis
1035 2871 1067 2921 est

199 2933 315 2987 interior
334 2933 455 2986 omnium
473 2948 489 2984 a
513 2938 623 2984 actuum
637 2931 782 2999 rectitud0,
799 2937 951 3002 speciatim
963 2936 1066 3009 ergas-

199 3002 317 3055 cultates
335 3007 364 3054 et
382 3000 581 3054 haereditatem
603 3002 727 3069 proximi.
749 3006 806 3057 138.
850 3004 922 3059 vitia
947 3014 977 3060 et
995 3008 1066 3059 virtu·

200 3076 250 3125 tes.
274 3076 328 3124 113.
350 3072 493 3129 decimum,
520 3086 570 3149 pro
586 3068 641 3122 fine
653 3069 737 3123 habet
753 3070 913 3127 interiorem
926 3075 1066 3130 aflectum

200 3138 400 3205 rectitudinem,
419 3138 562 3208 speciatlm
582 3155 649 3209 erga
664 3137 812 3203 familiam,
830 3145 991 3210 generatim
1009 3156 1065 3213 erge

200 3207 292 3260 omnia
308 3207 423 3276 proximi
443 3207 522 3260 bona.
544 3212 599 3261 143.
638 3206 799 3261 distinctum
819 3218 863 3263 est
885 3229 903 3265 a
923 3229 998 3266 nono
1020 3215 1064 3266 tlt

198 3275 274 3327 vitia.
296 3280 352 3329 141.
387 3275 510 3330 virtutes.
534 3281 590 3330 141.
618 3276 763 3345 promissio
782 3284 811 3331 et
827 3295 930 3348 poena.
950 3282 986 3337 io.
1013 3297 1064 3334 cos·

198 3343 296 3408 elusio,
316 3343 369 3396 tria
386 3344 510 3398 includit.
553 3349 609 3399 141.
