2250 3772
106 238 168 303 124
344 236 451 322 Caput
471 239 496 302 Ι.
541 238 593 301 De
616 237 780 323 decalogo

106 406 157 471 vel
178 429 243 470 non
264 406 320 482 iis,
342 406 459 490 quibus
481 407 659 483 debebant,
688 406 740 471 vel
761 428 828 469 non
850 426 888 470 eo
907 398 996 474 modo,

106 514 171 575 quo
193 491 370 568 debebant,
390 492 663 556 communicantur
684 503 716 555 et
741 502 920 576 erogantur.

177 643 235 709 (Sic
258 643 330 698 enim
352 660 431 698 suum
455 645 517 699 aliis
536 644 720 712 detrahimus,
745 644 865 714 ideoque
882 642 910 694 in
926 631 992 694 stuli·

107 713 161 766 Dei
179 712 254 766 fures
271 729 373 766 sumus.
400 713 465 767 Huc
483 713 668 782 referendum,
686 713 709 767 si
726 713 803 785 quod
816 711 878 765 aliis
890 727 921 765 ex
930 708 992 778 pacit

107 780 253 845 debemus,
277 797 333 835 non
359 788 547 852 praestamus3
576 788 608 836 ut
630 799 694 836 cum
719 780 844 853 operario
863 774 993 833 mercedffl

107 849 285 920 denegamus,
302 849 366 904 vide
383 852 484 905 Jacob.
495 856 521 919 t,
535 856 558 905 4.
585 851 664 905 Haec
680 867 747 921 ergo
764 850 836 903 sitia
854 853 883 902 et
895 848 993 917 paam

107 918 136 972 in
150 918 203 972 hoc
212 924 362 989 praecepto
373 919 568 990 prohibentur:
595 926 617 975 l.
629 919 747 974 Interior
758 917 851 973 cordis
863 914 993 974 ntaattt

37 992 43 1015 '
107 987 237 1068 avaritia,
256 991 438 1060 φιλαργυρία,
456 1006 508 1043 nec
527 1006 583 1042 non
603 988 863 1067 concupiscentiae
883 1002 927 1039 um
941 979 993 1037 she·

107 1057 165 1109 rius
189 1056 294 1111 1lhcita.
331 1061 484 1120 Πλεονεξία
506 1063 548 1119 est
569 1056 683 1111 interior
705 1056 795 1111 cordis
876 1046 994 1108 uosmet

107 1123 261 1193 solicitudo,
280 1142 336 1196 qua
355 1126 464 1180 animus
482 1132 556 1181 sorte
574 1143 632 1194 sua,
650 1142 735 1197 quam
752 1124 831 1179 Deus
848 1121 995 1194 cuiqam

107 1193 300 1249 benedictione
319 1194 467 1263 distribuit,
486 1212 542 1249 non
561 1200 715 1263 contentus,
733 1193 852 1248 subinde
868 1192 944 1262 plura
956 1184 994 1239 ht·

106 1261 173 1317 bere
190 1263 361 1333 concupiscit
376 1269 405 1318 et
421 1265 534 1334 expetit.
573 1267 748 1334 (φιλαργυρία
774 1269 817 1316 est
834 1277 911 1315 amor
927 1251 995 1313 ald·

106 1330 224 1402 ligantia
241 1332 350 1413 argenti
366 1333 425 1386 sive
442 1334 586 1403 pecuniae,
605 1332 716 1403 quando
734 1348 790 1385 non
804 1334 994 1411 propter‘dffl

106 1405 136 1455 et
153 1401 429 1455 communicationem
446 1418 514 1471 opes
532 1406 709 1472 appetuntur,
727 1399 776 1454 sed
792 1416 845 1470 per
856 1415 887 1454 se
898 1396 997 1469 ungue

106 1476 159 1523 tur.
196 1474 219 1523 2.
237 1469 376 1533 fraudes,
396 1469 467 1533 doli,
485 1470 603 1525 technae
620 1478 647 1525 et
666 1470 836 1540 imposturae
853 1464 959 1540 quassit
970 1471 995 1511 Ν

108 1538 298 1592 contractibus
315 1544 344 1591 et
361 1539 545 1594 mercimoniis
564 1538 716 1610 quibusvis.
753 1543 777 1591 3.
797 1537 907 1594 Usurae
923 1538 949 1588 st
961 1540 997 1581 οῖ·

108 1606 231 1660 actiones
240 1606 361 1677 iniquae.
393 1615 417 1662 l.
431 1607 528 1676 Furta,
547 1608 670 1678 rapinae.
688 1605 844 1678 sacrilegia,
862 1601 997 1676 peculum

107 1674 294 1740 stellionatus,
311 1676 460 1746 plegiatus.
493 1677 572 1731 Haec
589 1678 629 1730 ita
648 1677 696 1729 vul
717 1692 733 1728 o
753 1675 941 1756 distinguunt:
953 1665 997 1749 fv·

107 1748 168 1797 tum
185 1749 227 1798 est
245 1746 397 1798 contractio
414 1745 455 1799 rei
472 1745 579 1800 alienae
595 1693 766 1813 frauduiosa,
792 1743 882 1797 invito
897 1741 998 1795 domm

107 1812 300 1868 lucrifaciendi
320 1829 412 1868 causa.
453 1816 577 1869 Wascab.
602 1815 631 1867 in
652 1819 740 1884 parat.
758 1811 788 1866 ff.
809 1812 844 1866 de
861 1811 925 1865 furt.
941 1801 998 1861 ai·

107 1883 226 1952 Rapina
244 1889 287 1937 est
302 1883 449 1938 manifesta
465 1890 493 1937 et
512 1883 632 1937 violenta
648 1882 688 1936 rei
707 1880 820 1936 ablatio.
847 1880 918 1935 Nea.
930 1868 999 1943 1025·

107 1951 202 2005 Actor.
223 1956 250 2012 t,
269 1955 295 2004 2.
333 1953 495 2005 Datnboud.
515 1950 544 2004 in
560 1968 638 2022 pras.
662 1950 797 2004 cuminal.
820 1966 843 2004 c.
865 1954 920 2004 101.
943 1962 967 1999 n·
982 1938 998 1989 ¹⁴

108 2019 291 2091 Sacrilegium
308 2027 351 2075 est
366 2020 407 2074 rei
426 2037 521 2076 sacrae
537 2021 582 2074 vel
593 2020 643 2074 reli
666 2020 738 2073 'osae
753 2018 858 2072 interce
879 2017 925 2071 tio.
953 2006 998 2069 W*

107 2090 213 2142 scateo.
237 2089 266 2142 in
291 2087 320 2142 ff.
347 2089 383 2142 ad
408 2089 426 2142 l.
448 2089 555 2144 duliam
575 2037 673 2159 pecuhl
692 2096 720 2142 et
741 2088 775 2141 do
794 2104 841 2141 sac
878 2103 921 2158 eg.
942 2076 997 2139 ui

108 2155 260 2210 Peculatus
272 2164 314 2211 est
324 2157 429 2210 furtum
439 2158 590 2212 admissum
599 2158 628 2210 in
636 2175 666 2212 re
674 2157 709 2211 ad
720 2155 856 2226 rempubl.
866 2150 998 2225 spectante

106 2223 172 2279 Vid.
197 2226 320 2282 Weseab.
340 2226 367 2279 d.
387 2226 404 2278 l.
428 2243 456 2282 n.
480 2232 502 2280 1.
544 2225 723 2281 Stellionatus
744 2229 810 2278 sunt
833 2221 931 2295 injusti
952 2226 998 2275 eon

104 2293 275 2348 tracttrssive
283 2293 449 2364 praestigiae
458 2300 486 2348 et
494 2295 668 2364 corruptelae
676 2299 878 2350 contractuum.
892 2277 999 2349 Wassl

105 2361 136 2415 in
154 2361 183 2416 ff.
206 2362 241 2416 de
260 2361 377 2415 stellion.
400 2380 428 2415 n.
449 2369 472 2417 2.
516 2363 663 2434 Plagiatus
688 2367 730 2416 est
752 2361 872 2416 hominis
895 2360 998 2415 furtul1¹

106 2431 182 2482 idem
201 2430 230 2483 in
248 2428 278 2483 ff.
297 2430 334 2484 ad
354 2430 371 2484 l.
391 2431 460 2486 aab,
482 2431 516 2486 de
535 2432 610 2503 plag.
636 2451 662 2485 n.
683 2437 705 2486 1.
729 2447 829 2502 graece
852 2430 954 2484 dicitur
969 2422 999 2478 ἆ*

106 2499 308 2571 δραποδισμὸς.
341 2501 435 2554 and.
456 2503 500 2570 21,
523 2505 544 2554 7.
562 2504 649 2555 Dcat.
667 2503 710 2567 2³,
736 2508 757 2556 7,
800 2502 914 2553 Errant
933 2498 940 2512 '
962 2496 999 2548 'tu

105 2567 281 2632 scholastici,
305 2568 367 2640 qui,
391 2569 501 2642 siquid
521 2570 642 2623 alienum
659 2569 753 2640 palam
772 2514 999 2637 auferanfirr

105 2636 215 2690 nomine
233 2654 289 2691 non
303 2637 506 2707 comprehendi,
528 2638 646 2708 ideoque
660 2654 711 2692 nec
723 2642 875 2707 praecepto
891 2636 999 2691 damn&

105 2711 241 2762 asserunt.
283 2707 378 2759 Thoria
397 2711 422 2760 2.
439 2723 492 2762 sec.
511 2724 556 2788 qu.
576 2713 617 2762 66.
637 2713 687 2762 art.
708 2711 731 2761 3.
751 2706 786 2759 ad
809 2712 830 2761 1.
850 2713 873 2760 5.
914 2704 999 2761 otius

105 2774 553 2898 iustitutionem
566 2792 640 2900 tl.
648 2774 999 2897 ffhiiifi’1fii‘i

106 2911 202 2968 Otium
211 2883 334 2994 alioquin
344 2911 428 2967 etiam
437 2912 729 2967 causaefticiensfurti
739 2882 998 2985 estnpdumaprmae

108 2987 133 3036 6.
152 2981 339 3049 Illiberahtas,
357 2981 507 3035 immodica
524 2982 592 3034 item
612 2980 777 3035 facultatum
796 2979 929 3050 profusio.
964 2968 999 3032 ll]

106 3049 211 3104 furtum
232 3054 282 3114 est,
301 3049 368 3121 quia
385 3049 502 3119 proximi
520 3049 654 3103 utilitates
671 3055 698 3104 et
709 3050 863 3115 commoda,
883 3054 1000 3121 quantun

108 3125 208 3189 potest,
227 3135 284 3173 non
300 3122 452 3188 promovet,
470 3124 563 3189 suget,
581 3119 711 3189 adjuvat3
728 3118 807 3184 haec,
826 3117 893 3188 quia
907 3122 1000 3189 prast⁴

110 3187 245 3242 rationem
268 3191 373 3241 rectam
396 3186 456 3240 sine
479 3188 646 3243 necessitate
670 3188 744 3243 bona
760 3186 913 3258 profundit
952 3184 1000 3242 Vt*

107 3256 229 3314 Aristot.
249 3263 273 3312 t.
290 3254 373 3311 ethic.
391 3253 498 3311 Nicom.
517 3263 538 3314 t.
557 3263 581 3312 2.
599 3274 622 3312 c.
645 3262 667 3311 1.
684 3274 712 3327 p.
733 3262 775 3312 29.
794 3273 822 3312 n.
841 3261 874 3311 26
894 3256 962 3327 seq.)
