2250 3772
420 220 472 285 De
494 220 658 287 electione.
932 223 996 289 417

86 386 210 442 caelato
229 388 414 458 postponitur.
439 372 561 444 'Confer
582 392 777 458 Luc.14,26,
797 390 918 459 quinon
937 392 998 446 odit

87 461 236 524 arentem,
254 455 350 519 idest,
368 457 459 528 magis
477 457 569 527 diligit
589 462 642 511 cte.
660 459 762 511 Muttlr.
786 465 825 523 Id,
843 462 888 512 37.
920 459 994 525 Quid

86 540 155 645 rgg
170 522 239 579 haec
255 525 292 578 ad
304 526 463 580 absolutum
475 525 568 580 odium
583 526 686 648 Efiuvi‘t
705 529 766 648 [ἄρα
780 528 871 648 obqtat
888 535 910 583 t.
921 529 995 583 Pro-

86 609 164 741 iia&
179 594 404 716 tmere
420 601 545 733 {itit
563 611 599 718 u
613 604 992 744 stttsprtttttttrllt·

86 736 155 785 ntro
169 728 277 801 impius,
294 730 363 786 facit
378 732 469 802 ipsum
480 732 557 786 Deus
576 734 613 786 ad
631 733 703 787 diem
721 734 831 797 malum,
847 735 923 803 juste
940 736 992 789 sci-

86 798 153 855 licet
175 800 321 867 puniendo.
361 798 481 881 Reliqua
506 817 578 871 quae
603 801 786 871 objiciuntur:
815 804 895 873 cujus
922 804 992 886 vult,

87 864 236 937 miseretur,
275 886 339 923 uem
355 870 416 923 vult
435 870 554 933 indurat,
572 872 652 923 Rom.
665 875 689 935 9,
707 875 747 923 15.
763 875 802 939 lt,
823 871 994 927 abscondisti

91 936 214 1007 parvulis,
269 940 337 991 uttli.
352 944 391 1006 11,
404 942 450 995 25.
469 939 575 1008 proseri
596 939 618 993 ti
638 940 667 992 in
683 939 828 1007 judicium,
847 940 913 994 Jud.
929 960 953 995 v,
966 949 991 998 4.

95 1008 145 1057 ctu
160 1005 324 1060 concludunt
347 1006 382 1061 de
409 1007 551 1062 voluntate
600 1007 624 1062 ei
650 1009 838 1078 consequenti.
875 1010 991 1065 Praeter

97 1087 150 1125 rem
163 1073 245 1144 igitur
263 1082 441 1154 opponuntur
459 1076 635 1130 antecedenti
653 1081 681 1130 et
700 1077 739 1130 sie
757 1078 862 1132 elench.
880 1096 989 1150 conseq.

98 1136 191 1197 eruunt.
224 1143 268 1198 De
286 1145 469 1210 induratione,
489 1145 681 1199 excoecatione
699 1152 751 1202 etc.
769 1146 886 1200 diximus
905 1164 990 1217 supra

99 1206 132 1261 de
144 1226 218 1266 causa
234 1215 363 1282 peceati.)

104 1326 145 1392 11.
169 1330 316 1409 Quaerere
337 1336 385 1398 lu'c
400 1359 494 1399 uuum
510 1334 609 1398 adlruc
624 1335 722 1397 lubet:
737 1346 908 1417 possuntne
922 1358 990 1399 uere

102 1419 185 1479 renuti
202 1443 237 1482 ac
257 1420 343 1483 electi
351 1422 452 1504 fidem
472 1432 499 1482 et
512 1420 649 1503 Spiritus
672 1421 771 1481 suncti
787 1419 989 1485 iulrabituutic

101 1503 215 1579 patiam
230 1526 293 1589 per
312 1506 458 1569 mortalia
476 1515 604 1589 peccatu
627 1515 763 1567 eueutere
777 1528 813 1566 ac
832 1505 1004 1569 amittere?

170 1612 300 1675 Pereunt
330 1616 449 1698 utique,
482 1635 592 1677 verum
625 1612 688 1675 alio
720 1624 815 1694 atque
847 1613 910 1678 ulio
939 1638 990 1680 re-

101 1704 199 1775 tptttu
225 1697 332 1761 Electi
352 1698 482 1780 quidem
500 1697 655 1773 totaliter,
677 1697 733 1760 sed
756 1719 822 1761 non
842 1698 988 1778 finaliter,

101 1780 184 1843 renti
202 1803 277 1845 vero
297 1792 330 1845 et
349 1782 489 1847 totaliter
510 1794 541 1847 et
560 1781 704 1845 finaliter.

156 1895 353 1961 (Praenotanda
373 1899 419 1953 hie
438 1900 577 1953 distinctio
600 1899 712 1968 triplex,
734 1914 892 1968 quanquam
915 1916 987 1954 com·

101 1962 162 2015 muni
184 1965 313 2037 loquendi
338 1985 440 2039 genere
465 1970 621 2038 promiscue
644 1974 818 2036 usurpentur.
858 1967 887 2022 si
905 1984 987 2023 accu-

99 2032 148 2107 rqlt
160 2036 247 2090 tamen
263 2036 340 2107 loqui
358 2037 490 2105 velimus,
512 2044 533 2094 1.
553 2036 725 2091 credentium
743 2035 791 2088 alii
808 2041 873 2090 sunt
888 2038 986 2107 renati,

100 2094 140 2149 11ιί
155 2100 236 2157 electi.
272 2104 374 2160 Renati
392 2106 502 2176 proprie
525 2113 598 2174 sunt,
620 2105 668 2175 qui
688 2120 784 2157 revera
807 2105 919 2175 quidem
936 2124 987 2176 per

100 2162 213 2225 Siritum
239 2178 367 2253 sanctum
391 2175 523 2297 reienitifi
542 2176 580 2256 ad
603 2173 867 2254 tempuseredunt,
891 2193 987 2257 verum

98 2240 362 2381 fflfflqtugffinert
373 2260 426 2381 ipsi
443 2245 493 2381 gg,
507 2243 985 2392 Slpiiitullnilllirirncliriiiliegdeeriiiilniil

97 2370 189 2443 tempus
206 2351 294 2433 adde
311 2379 340 2432 in
357 2386 475 2461 peccata
489 2381 612 2451 prolapsi
630 2378 775 2445 deficiunt,
793 2380 822 2434 in
841 2381 901 2461 istis
919 2400 985 2438 vero

97 2454 145 2493 mn
157 2444 269 2501 finaliter
292 2454 457 2519 persistunt,
484 2450 534 2503 sed
557 2454 622 2507 aeta
646 2449 757 2502 tandem
778 2451 948 2518 poenitentia
968 2469 985 2505 a

98 2503 164 2575 lapsu
181 2532 241 2570 vere
258 2517 432 2588 resipiscunt.
462 2516 564 2573 Renati
576 2518 662 2598 igitur
677 2518 858 2572 aestimantur
876 2535 909 2572 ex
928 2519 984 2575 fide

153 2578 159 2591 ’
188 2582 310 2666 Ideoque
327 2604 383 2641 non
401 2604 496 2641 omnes
513 2595 602 2642 renati
618 2586 712 2639 statim
732 2593 797 2639 sunt
814 2587 908 2655 electi,
931 2604 984 2642 nec

97 2658 176 2703 omnes
191 2652 270 2708 electi
287 2672 395 2725 semper
413 2662 442 2710 et
458 2656 532 2710 omni
549 2662 673 2726 tempore
691 2662 756 2708 sunt
774 2656 871 2711 renati.
907 2656 983 2711 Dan·

97 2714 136 2791 ψ
150 2720 214 2775 cuim
230 2724 327 2789 renati,
346 2724 394 2795 qui
412 2730 506 2778 tamen
523 2725 559 2779 ob
578 2724 731 2795 praevisam
750 2723 861 2777 finalem
880 2724 984 2794 impoe-

97 2783 221 2843 murtam
246 2799 313 2845 sunt
336 2793 493 2863 reprobati3
523 2794 624 2847 dantur
651 2792 734 2847 etiam
758 2792 850 2859 electi,
875 2794 923 2863 qui
946 2793 982 2847 ob

97 2862 200 2922 mata,
217 2860 319 2931 quibus
336 2862 492 2933 indulgent,
510 2880 566 2915 non
587 2867 652 2915 sunt
669 2861 764 2914 renati.
805 2867 828 2914 2.
847 2861 983 2917 Excussio

97 2920 126 2997 tl,
135 2926 231 2982 unisse
249 2927 315 2984 fidei
333 2938 361 2984 et
380 2931 488 3002 gratiae
508 2931 563 2984 slia
582 2938 624 2985 est
640 2930 747 2995 totalis,
772 2946 827 2998 qua
850 2928 920 2984 fides
936 2931 983 2999 ju·

98 2985 199 3048 'flfitans
216 3003 245 3051 et
263 2997 365 3051 donum
385 3000 571 3053 renovationis
584 3018 616 3054 er
629 3005 687 3053 toto
706 2998 838 3067 perditur,
857 2999 983 3069 adeoque

99 3066 126 3105 0¹
138 3054 198 3118 Filio
215 3067 323 3136 gratiae
341 3068 374 3122 fit
392 3067 481 3121 Filius
499 3070 571 3138 irae,
590 3069 645 3122 ulia
664 3074 706 3121 cst
722 3065 827 3135 finalis,
845 3084 909 3120 cum
927 3085 984 3121 non

99 3122 184 3185 unum
199 3133 269 3189 fides
288 3136 437 3201 amittitur,
463 3154 559 3192 verum
578 3139 661 3192 etiam
678 3152 819 3205 nunquam
836 3152 983 3217 recupera·

97 3190 139 3259 tr,
152 3202 195 3255 su
212 3203 241 3256 in
259 3203 424 3260 rnfiueuure
446 3224 479 3261 ex
497 3206 550 3260 has
568 3207 626 3260 vua
644 3205 787 3275 migratur.
823 3203 913 3259 mess
932 3221 983 3275 per

98 3268 191 3325 trau
207 3273 349 3343 mortalia,
377 3275 477 3347 quibus
495 3275 653 3346 indulgent,
678 3272 810 3344 quamdiu
828 3273 983 3354 indulgent,

807 3359 831 3401 tt
