2250 3772
288 234 341 303 De
362 237 547 304 adoratione
566 238 601 302 in
621 262 747 325 genere.
921 240 983 307 441

86 404 120 475 6,
141 410 194 476 15,-
215 409 243 463 2.
266 406 338 461 Ta‘m.
351 410 376 472 4,
396 411 437 475 14,
457 411 486 461 et
502 407 575 462 inter
584 408 723 488 priuatos,
742 408 790 480 qui
807 409 852 463 vel
869 426 887 463 a
905 409 986 464 nobis

86 474 159 543 αἱς
178 480 208 531 ai
224 482 285 529 tum
302 476 424 546 ponenda
438 475 521 530 venia
537 481 566 531 et
582 477 684 546 mJnria
701 494 763 531 com
783 478 920 546 snsanda3
936 479 986 545 ‚vel

86 543 133 615 ¹aui
148 562 198 599 nos
216 544 277 599 sins
294 560 381 599 causa
396 544 545 607 laeserunt,
564 555 592 599 et
606 551 665 599 tum
684 562 751 599 oran
769 556 826 610 um,
843 553 876 601 ut
893 546 985 601 velex

86 612 197 667 nimicis
212 612 282 668 fiant
299 613 390 678 amici,
408 613 452 667 vel
470 613 506 668 ab
528 630 624 669 eorum
642 614 747 668 insidiis
760 614 814 668 tuti
828 614 921 684 simus,
939 615 984 670 vsi

86 680 185 737 simios·
211 681 434 749 simmacum,
463 683 550 735 amici
563 699 717 752 personae,
745 683 830 753 idque
853 683 985 738 mandabo
1094 682 1099 689 '

86 749 187 818 ihfisn,
205 750 311 805 Mutila
323 754 350 818 5,
365 754 414 804 44:
434 750 543 822 diligite
553 750 678 806 inimicos
689 758 742 807 stc.
756 759 786 806 st
795 752 885 822 Pauli,
902 754 984 807 Rom.

86 820 120 885 2,
140 820 190 873 202
210 819 234 873 si
249 818 379 874 inimicus
395 824 460 873 tuus
477 819 563 874 esurit
579 824 644 885 etc.)

118 939 172 1007 24.
206 940 271 1006 Sed
290 963 370 1004 aune
392 944 481 1004 etiam
499 963 563 1024 pro
592 942 744 1023 defamem
767 940 944 1005 orandum?

163 1058 368 1145 Neullquam,
390 1058 466 1141 quia
482 1060 510 1125 1.
525 1058 650 1123 nullum
671 1060 740 1143 ejus
762 1059 808 1125 rei
829 1059 984 1124 habemus

86 1161 107 1201 u
133 1139 297 1228 Scriptura
316 1143 555 1229 praescriptum.
598 1145 628 1211 2.
650 1143 781 1208 Nullam
801 1144 986 1230 promissio·

86 1244 162 1294 rem.
211 1228 241 1293 3.
274 1226 408 1292 Nullum
443 1226 632 1314 exemplum.
689 1231 719 1295 4.
751 1229 868 1293 Preces
904 1230 984 1293 istae

86 1306 172 1376 »lane
190 1322 264 1377 suni
284 1311 428 1389 inutiles3
450 1313 502 1377 vel
526 1313 611 1377 enim
632 1314 773 1379 defuncti
794 1328 868 1378 sunt
888 1313 984 1399 beati,

86 1397 108 1455 ·t
133 1396 177 1461 sic
196 1396 345 1483 precibus
365 1398 483 1463 nostris
500 1420 580 1484 opus
593 1421 658 1463 non
673 1399 807 1482 habent,
829 1399 880 1464 vel
894 1399 984 1463 dam-

86 1478 163 1558 ati,
187 1494 220 1547 et
244 1481 292 1582 sic
315 1482 466 1583 precibus
494 1485 611 1547 nostris
628 1484 735 1567 juvari
755 1507 819 1548 non
841 1497 983 1570 possunt.

86 1558 191 1631 huet
208 1590 293 1632 emm
313 1590 362 1632 rra
381 1567 447 1632 Dei
467 1590 564 1652 super
583 1569 687 1655 ipsos,
707 1570 779 1634 ιῙοΙι.
803 1571 833 1645 3,
857 1570 909 1647 36,
929 1591 969 1634 ex

86 1650 183 1737 mplo
203 1650 320 1731 nuta,
339 1654 417 1721 use.
442 1646 491 1738 1s,
512 1653 564 1718 22.

150 1771 224 1839 (Nec
242 1771 334 1825 obstac
351 1771 505 1840 exemplum
516 1770 616 1834 Judae,
637 1774 664 1829 2.
677 1771 806 1826 Maccab.
820 1773 864 1835 12,
880 1774 923 1823 44.
939 1774 983 1824 46.

86 1827 245 1895 imma.
267 1838 286 1896 1.
305 1845 328 1894 a.
349 1839 384 1893 de
397 1845 508 1910 purgat.
528 1856 552 1893 c.
569 1846 605 1894 rs.
624 1845 644 1893 t.
657 1845 681 1894 2.
701 1839 753 1894 σοι.
765 1845 823 1894 sss.
835 1839 867 1894 Β.
897 1839 984 1894 Liber

86 1896 153 1961 ssim
167 1906 219 1963 ists
236 1925 293 1962 non
309 1908 391 1961 estin
406 1924 518 1963 canons.
547 1908 579 1961 E.
603 1909 663 1962 Nec
683 1910 773 1960 obstac
791 1913 814 1961 2.
826 1908 983 1976 exemplum

86 1960 287 2031 maranorum
303 1976 460 2047 primitivae
478 1977 618 2032 ecclesiae.
656 1976 720 2032 Vid.
737 1979 842 2029 Beona.
861 1976 981 2032 manual.

86 2070 88 2082 ·
113 2054 147 2095 e.
166 2051 188 2099 7.
203 2045 319 2102 membr.
333 2050 355 2101 6.
373 2063 400 2099 n.
419 2051 448 2100 19
461 2061 518 2116 seq.
536 2063 599 2117 pag.
619 2051 666 2100 198
679 2062 736 2115 seq.
770 2044 889 2098 Facuim
908 2045 982 2099 enim

86 2104 113 2155 't
132 2110 203 2166 illud
220 2112 303 2184 longe
321 2113 376 2168 alio
393 2112 456 2178 fine,
469 2120 507 2167 ut
526 2121 547 2169 l.
563 2113 776 2169 testificarentur
792 2112 875 2167 fidem
895 2131 982 2183 suam,

86 2181 133 2249 ¹3⁸
152 2181 327 2236 crediderunt
343 2190 403 2244 eos,=
417 2181 465 2253 qui
481 2182 583 2237 infide
599 2182 645 2253 pis
664 2182 812 2248 obiissent,
830 2182 906 2251 apud
924 2181 982 2237 Dc·

86 2250 181 2303 *lnam
197 2250 299 2307 vivere.
337 2250 375 2304 Et
393 2257 416 2306 2.
441 2268 471 2305 se
494 2267 545 2305 suo
568 2257 692 2332 tempore
711 2256 860 2305 secuturos.
897 2251 935 2305 Et
951 2256 983 2305 ut

86 2343 91 2357 ·
115 2317 285 2373 alsensem
302 2335 362 2373 sese
382 2319 484 2373 exitum
502 2337 536 2374 ex
547 2319 600 2374 hac
611 2326 670 2374 uta
680 2324 886 2390 praepararent.
917 2320 982 2376 vid.

86 2370 135 2437 ''⁸-
155 2388 287 2469 §lqsmm‘a
305 2393 378 2458 part.
397 2393 421 2444 3.
440 2405 527 2443 exam.
544 2403 620 2443 conc.
633 2388 709 2445 Trid.
731 2389 766 2444 de
779 2387 894 2468 Purgat.
925 2390 982 2443 Er·

86 2454 142 2506 “nt
157 2462 243 2527 igitur
256 2456 408 2526 pontificii,
428 2457 476 2528 qui
491 2459 570 2527 justa
590 2458 768 2528 exequiarum
783 2459 982 2512 anniversaria·

86 2524 150 2591 Um,
166 2525 321 2592 ternarum,
346 2524 575 2596 septimanam,
591 2527 794 2597 trigesimarum
812 2525 982 2579 orationibus

86 2594 127 2649 lm
144 2592 282 2649 defunctis
302 2594 449 2649 destinant.
484 2594 547 2649 vid.
560 2595 697 2648 Beuum.
717 2596 879 2665 depurgat.
896 2594 981 2648 liba.

132 2666 193 2718 .1a
213 2660 266 2716 col.
285 2667 343 2717 666.
355 2662 388 2716 B.
413 2668 441 2716 et
467 2663 518 2717 col.
536 2668 594 2719 669.
606 2663 639 2717 Β.
675 2664 745 2718 Sunt
766 2664 839 2718 enim
855 2662 926 2717 haee
940 2662 982 2719 fa·

124 2747 174 2809 „aa
190 2729 299 2785 cerebri
317 2731 486 2785 monachalis
503 2739 664 2799 commenta,
682 2749 698 2786 e
717 2732 867 2812 caliginoso
879 2749 982 2853 qurga·

90 2791 139 2873 lini
155 2798 337 2854 fundamento
353 2799 532 2869 pullulantia,
555 2800 690 2872 quicquid
708 2801 823 2854 ulterius
841 2803 884 2854 Be
897 2801 981 2855 larm.

88 2854 188 2948 beliat,
205 2869 225 2922 1.
245 2874 269 2922 2.
290 2868 326 2923 de
341 2876 452 2940 purgat.
474 2885 534 2938 cap.
555 2875 585 2923 15
605 2876 634 2923 et
650 2885 727 2940 seqq.
748 2875 768 2922 b
789 2874 812 2925 2.
852 2869 981 2924 Proferat

86 2924 278 3009 impuram)

221 3056 272 3125 25.
309 3056 373 3120 Dic
401 3056 447 3134 V.,
468 3057 629 3140 quomodo
656 3055 829 3121 orandum?

155 3174 344 3243 Secundum
378 3175 573 3240 voluntatem
605 3175 685 3252 Dei,
719 3177 746 3241 1.
764 3175 838 3241 Job.
860 3166 899 3252 ὅ,
931 3174 982 3244 14.

86 3270 129 3336 :st
150 3273 262 3326 autem
282 3260 361 3324 haec
382 3258 528 3326 voluntas
550 3260 624 3337 Dei,
646 3274 682 3323 ut
702 3259 758 3323 fiat
777 3260 888 3326 oratio.
