2250 3772
241 232 295 298 De
315 232 520 298 sacramentis
534 232 569 297 in
582 254 709 319 genere.
874 234 938 299 493

117 400 144 468 2.
166 398 256 482 Quia
282 411 480 466 sacramenta
503 401 544 468 N.
573 400 660 467 Test.
691 400 941 486 correspondent

76 485 234 550 crementis
254 486 297 553 V.
317 486 457 555 Testem.
489 485 592 571 Atqui
613 486 698 550 illius
720 486 848 551 fuerunt
869 496 939 551 tan·

76 592 106 633 nn
121 571 182 635 duo
204 570 333 659 proprie
354 571 401 637 sic
430 571 532 649 dicta,
565 570 762 637 circumcisio
785 582 817 636 et
838 594 941 658 agnus

76 650 198 722 nebulis.
237 656 338 742 Ergo.

106 811 193 879 (Ratio
215 819 239 870 1.
256 814 375 868 sumitur
392 830 410 868 a
427 813 588 870 defiuitione
603 817 632 868 et
649 812 788 868 ad‘unctis
802 831 832 869 re
852 813 942 869 uisitis

76 881 225 937 smtialibus
251 883 434 954 sacramenti,
461 883 497 938 ds
521 882 623 955 quibus
647 832 712 937 vitis
736 831 941 953 praeseientia.

93 948 254 1022 Aecmpar.
277 951 400 1022 paribus.
444 952 522 1006 Idem
547 952 751 1006 demonstratur
775 952 941 1020 testimonio,

86 1017 140 1072 Jole
161 1025 192 1088 5,
218 1023 244 1074 6.
287 1019 413 1075 Christus
434 1020 512 1075 venit
532 1037 582 1090 per
605 1037 708 1090 aquam
734 1020 888 1090 (baptismi)
911 1028 940 1076 et

79 1151 85 1165 Ι
125 1087 131 1100 ’
150 1104 194 1143 em
206 1092 320 1153 (coenae
333 1089 507 1156 dominicae),
524 1106 576 1159 per
585 1105 656 1158 quae
674 1095 792 1144 testatur
809 1089 839 1142 in
856 1095 940 1159 terra,

76 1170 85 1207 r
113 1162 171 1212 ab.
198 1157 318 1214 Undeet
334 1175 385 1229 per
402 1157 566 1229 sanguinem
583 1162 612 1212 et
665 1174 738 1226 uam,
759 1157 807 1228 qui
823 1175 838 1212 e
854 1158 942 1213 latere

76 1219 136 1279 ln'sti
150 1225 268 1295 effluxit,
286 1227 341 1282 duo
360 1231 534 1282 sacramenta
551 1226 622 1283 Nor.
662 1232 713 1283 est.
734 1225 890 1297 significata
906 1227 941 1282 B.

76 1295 126 1347 tlrcs
152 1294 330 1366 collegerunt.
365 1296 431 1350 Vid
448 1297 568 1365 Aapcst.
586 1295 605 1352 l.
626 1301 664 1350 15.
684 1295 719 1350 de
738 1297 789 1348 civ.
808 1295 843 1349 D.
862 1312 886 1350 e.
899 1301 940 1352 26.

83 1365 104 1415 l.
122 1365 171 1417 col
190 1369 249 1419 857.
267 1366 303 1419 A.
326 1365 426 1430 ‚Nihil
451 1364 497 1417 hic
524 1371 546 1419 l.
566 1365 671 1431 obstat,
698 1364 773 1435 quod
795 1364 941 1434 Apologia

76 1439 150 1497 sota.
170 1433 297 1501 Consors.
315 1440 366 1487 art
380 1440 419 1488 15.
439 1433 523 1488 etiam
541 1431 743 1487 absolutionem
761 1432 833 1487 inter
850 1449 940 1488 saera·

76 1499 231 1555 mtsrefert.
267 1500 332 1557 Vid.
352 1502 523 1559 Bellarms'a.
549 1501 597 1556 lib.
616 1506 641 1556 2.
659 1501 693 1555 de
713 1517 829 1558 sacram.
854 1518 877 1556 c.
897 1507 939 1557 23.
991 1515 992 1518 ’

80 1568 100 1620 b.
113 1568 160 1625 ool
182 1575 240 1624 192.
254 1569 288 1624 Ι).
307 1575 336 1626 et
352 1569 403 1624 eol.
420 1576 477 1626 193.
489 1571 522 1626 A.
535 1570 568 1627 B.
604 1569 652 1624 Fit
669 1569 743 1624 enim
766 1576 787 1624 1.
802 1569 839 1624 ob
856 1571 940 1626 finem

76 1644 264 1693 umentorum
282 1639 453 1710 generalem,
478 1639 526 1708 qui
550 1645 593 1695 est
617 1637 789 1693 confirmatio
806 1638 873 1694 fidei
891 1657 941 1695 no·

76 1716 112 1759 rte
126 1707 159 1761 de
175 1708 337 1763 remissione
352 1713 541 1778 peccatorum,
561 1723 644 1778 quem
662 1707 800 1762 absolutio
817 1724 880 1761 eum
898 1725 941 1763 ss·

76 1775 179 1829 mentis
196 1792 371 1831 communem
387 1776 481 1845 habet,
500 1776 578 1830 utin
597 1792 653 1846 qua
672 1775 817 1847 sigillatim
827 1776 942 1832 cuilibet

76 1838 173 1897 nitenti
195 1845 320 1899 remissio
346 1851 523 1915 peccatorum
547 1843 738 1899 denunciatur.
782 1850 805 1898 2.
834 1845 941 1901 Latiori

76 1910 159 1966 sabuli
176 1912 343 1984 significatu,
362 1919 499 1984 quatenus
515 1918 719 1968 sacramentum
737 1912 873 1993 accipitur
889 1931 940 1983 pro

76 1978 161 2052 aqui
179 1981 265 2037 habet
280 1982 442 2036 mandatnm
460 1982 521 2051 Dei,
537 1981 582 2036 eui
600 1982 697 2035 addita
714 1981 858 2050 promissio
875 1999 940 2052 gra-

76 2057 101 2099 lo.
128 2050 168 2104 At
184 2049 250 2104 bine
266 2068 323 2105 non
343 2051 468 2132 sequitur
487 2067 547 2106 esse
573 2057 776 2104 sacramentum
800 2050 940 2119 specialis-

76 2128 105 2171 πο
118 2123 146 2173 et
160 2119 347 2188 propriissime
359 2120 473 2187 dictum,
492 2120 558 2190 quia
577 2119 737 2174 destituitur
754 2124 867 2173 externo
886 2119 940 2175 ele·

76 2190 124 2240 nto
139 2187 197 2242 sive
218 2188 351 2256 symbolo.
389 2190 450 2242 Nee
467 2190 558 2242 obstat
576 2194 600 2242 2.
617 2188 692 2258 quod
712 2187 842 2259 apologia
857 2194 941 2243 vocat

76 2262 205 2310 tramenta
228 2257 340 2327 proprie
365 2256 450 2311 dieta.
491 2258 631 2312 Bellcrm.
658 2257 684 2309 d.
708 2255 726 2312 l.
754 2257 806 2311 ccl
829 2262 886 2312 193.
904 2258 939 2312 Β.

76 2328 123 2377 nst
145 2325 217 2379 enim
240 2324 290 2379 illa
311 2327 475 2396 generatim,
503 2343 560 2380 non
581 2324 780 2395 specialissime
803 2332 831 2380 et
855 2343 939 2397 quam

76 2391 147 2448 *xime
164 2393 284 2464 proprie.
322 2395 381 2450 Nec
400 2399 425 2449 3.
445 2394 519 2465 quod
539 2393 677 2464 impositio
695 2411 827 2448 manuum
843 2394 874 2448 in
891 2396 939 2450 ab·

76 2460 165 2517 utione
183 2479 235 2532 pro
252 2461 388 2518 elemento
405 2462 549 2519 habeatur.
584 2464 636 2516 Est
658 2463 732 2516 enim
749 2481 806 2518 non
823 2480 866 2518 res
885 2469 940 2518 ter-
1034 2520 1039 2527 ,

76 2536 191 2652 &neptia
211 2532 643 2667 pffaereetnpapruploaevevpppnpssvispp
660 2532 940 2669 ilpilldialiiiitiiauiidii

76 2676 87 2715 t
120 2669 232 2721 Erram
244 2669 403 2737 pontificii,
427 2669 474 2741 qui
491 2675 598 2739 septem
616 2668 727 2738 proprie
746 2669 785 2722 sic
804 2669 880 2723 dieta
896 2685 939 2723 sa-

76 2741 170 2791 mcuta
196 2736 380 2792 constituunt:
417 2744 438 2793 1.
458 2739 643 2806 baptismam
676 2745 699 2792 2.
720 2737 936 2808 eucharistiam

76 2806 322 2872 confirmationem,
347 2822 419 2877 quae
442 2807 589 2861 chrismate
610 2823 643 2860 ex
666 2806 727 2860 oleo
757 2811 785 2860 et
804 2805 937 2876 balsamo,

76 2870 111 2926 lis
138 2874 391 2930 consecrationibus
415 2881 595 2945 praeparato,
626 2873 749 2955 episcopi
783 2874 883 2944 pollice
908 2875 938 2928 in

76 2944 120 2996 ste
148 2942 282 3013 baptisati
304 2949 332 2998 et
354 2944 392 2997 ad
423 2944 546 3015 aliquam
569 2948 689 2997 aetatem
707 2960 771 3064 pam
795 2943 939 3024 progressi

76 3008 119 3065 cis
143 3012 233 3066 forma
255 3011 337 3067 certis
363 3012 454 3067 verbis
480 3018 509 3066 et
534 3011 660 3084 gestibus
689 3019 862 3082 apmgrtur,
908 3029 939 3066 er

76 3089 103 3134 te
128 3096 144 3134 e
171 3080 289 3151 vestigio
315 3081 435 3150 Spiritus
458 3100 478 3136 s.
506 3081 666 3136 confirmato
692 3080 787 3148 detur,
819 3098 873 3136 eun
894 3097 938 3136 em

76 3161 122 3202 ma
138 3153 166 3204 et
185 3166 218 3203 co
252 3166 299 3203 ore
320 3149 461 3219 perficiat,
479 3154 508 3204 et
524 3151 656 3204 adversus
675 3166 769 3204 omnes
786 3149 879 3203 hostes
896 3149 937 3204 vi·

91 3215 221 3298 sisuppe
243 3218 300 3273 'tet
328 3225 353 3273 4.
363 3220 585 3287 Paenitentiam,
603 3219 637 3271 de
656 3233 711 3288 qua
720 3217 827 3288 egimus
838 3236 899 3288 sup.
910 3225 939 3273 et

76 3285 252 3356 ¹q.,ub1ri<lc.
278 3294 303 3343 5.
314 3289 478 3342 Estremcm
486 3289 651 3352 unctionem,
667 3302 722 3357 qua
732 3287 793 3342 oleo
804 3287 895 3344 olivae
903 3304 937 3343 ac
