2250 3772
320 270 373 335 De
394 279 479 333 statu
503 269 735 334 exinanitionis.
917 270 980 337 297

209 437 239 501 2.
273 436 410 514 Quinam
431 452 475 502 est
496 450 594 503 status
616 437 853 504 cainanitionia?

165 537 224 601 Est
245 538 380 602 visibilis
395 538 514 605 Christi
535 539 569 603 in
593 539 643 603 his
664 538 757 603 terris
778 539 987 618 conversatio,

103 643 152 705 qna
168 622 274 687 divina
294 646 364 690 sese
385 626 549 708 majestate
569 624 743 688 seeundum
759 623 986 689 humanitatem

104 705 247 785 abdicavit,
261 719 295 772 et
308 709 411 773 forma
425 710 508 774 servi
523 720 695 796 assumpta,
717 709 869 773 obediens
884 710 986 773 factus

104 791 228 875 patriast
248 816 352 880 usque
372 795 413 858 ad
434 806 570 859 mortem
591 794 703 871 crucis,
722 796 802 857 Pto.
818 795 849 870 2,
864 796 893 861 6.
911 796 939 861 7.
956 797 985 861 8.

155 911 267 978 (Dicitur
277 927 377 982 masec
391 916 507 972 κένωσις
524 911 669 965 evacuatio
682 911 740 965 sive
752 909 910 975 exinanitio,
931 930 988 984 qua

107 992 146 1031 non
160 980 300 1034 denotatur
322 981 480 1035 omnimoda
503 981 628 1035 carentia
652 995 701 1033 seu
725 978 852 1034 absentia
876 981 987 1037 divinae

109 1047 402 1172 talitatis
415 1049 986 1173 ‘tuluttt‘ttl'tfitttttttttttt‘

109 1178 166 1306 hii)
182 1135 375 1241 sedpretractio
392 1137 502 1241 tantuirr
519 1204 586 1241 usus
609 1192 638 1241 et
654 1136 820 1240 iirtermissio
838 1188 983 1258 quaedam,

110 1264 136 1318 qu
180 1255 260 1335 plena
282 1256 397 1310 eandem
422 1257 484 1311 luce
501 1273 557 1309 non
575 1254 707 1323 exseruit,
733 1255 783 1308 sed
801 1255 985 1326 abscondidit,

109 1332 148 1373 non
161 1322 233 1378 aliter
250 1340 284 1377 ae
301 1324 343 1378 sol
362 1324 436 1379 nube
456 1324 656 1395 aliquantisper
678 1322 789 1395 tegitur.
826 1324 900 1380 Vide
918 1326 985 1378 Am·

110 1384 161 1444 ltu.
173 1390 188 1446 l.
203 1392 239 1447 de
255 1392 303 1447 fid.
323 1398 410 1446 contr.
428 1394 524 1449 Arian.
544 1410 568 1449 e.
585 1399 609 1448 8.
629 1397 649 1445 t.
669 1397 693 1446 2.
711 1410 738 1460 p.
755 1398 811 1446 175.
836 1392 897 1448 Nisi
910 1393 985 1464 quod

110 1460 244 1532 undoqm
263 1460 312 1515 ubi
330 1461 420 1531 gloria
436 1462 497 1530 Dei,
515 1461 600 1516 officii
616 1461 688 1515 ratio
705 1467 733 1515 et
751 1459 892 1515 hominum
910 1462 987 1517 salus

109 1527 249 1601 adnabat,
271 1529 366 1584 radios
384 1532 517 1601 quosdam
540 1531 614 1583 illius
632 1530 661 1582 in
683 1529 823 1583 miraculis
839 1538 867 1584 et
886 1531 986 1584 divinis

109 1594 171 1669 {lutis
186 1598 281 1653 emisit.
317 1599 375 1655 Ubi
390 1608 475 1653 notu:
501 1616 561 1654 esse
578 1598 790 1653 exinanitionem
813 1599 926 1669 quidem
945 1605 986 1654 to·

109 1662 146 1715 ¹²⁰⁸
188 1683 298 1735 rsonae,
321 1684 371 1722 seu
390 1668 459 1722 Jesu
478 1667 581 1722 Christi
599 1668 651 1721 Dei
672 1674 701 1722 et
716 1666 848 1735 hominis,
876 1669 925 1722 sed
943 1685 985 1723 se·

109 1740 147 1811 ³¹¹¹.
161 1752 200 1789 um
227 1736 376 1789 humanam
406 1744 535 1790 naturam
562 1741 671 1791 tantum
703 1735 793 1790 eidem
822 1746 987 1806 competere.

110 1794 162 1860 Qut
177 1805 326 1859 secundum
349 1805 420 1859 hanc
442 1811 551 1859 tantum
576 1811 597 1859 1.
616 1805 732 1858 formam
752 1804 837 1872 servi,
860 1804 912 1858 hoe
936 1811 986 1870 est,

109 1870 206 1927 &dem
223 1872 409 1929 conditionem
427 1891 580 1940 assumere,
604 1880 627 1929 2.
646 1872 799 1940 humiliari,
819 1878 842 1927 3.
862 1872 984 1941 obedire,

109 1938 248 1997 &nomem
276 1942 365 1995 crucis
390 1944 450 2012 pati
477 1943 576 2014 potuit.
625 1941 784 1997 Secundum
814 1940 986 1995 divinitatem

108 2014 189 2086 fugper
210 2010 391 2065 immutabilis
413 2011 545 2066 exsistens
564 2018 694 2080 operatur
718 2026 780 2063 cum
797 2008 882 2064 Patre
902 2010 987 2064 etiam

108 2084 187 2153 !¹¹,1pso
207 2080 300 2134 medio
320 2079 514 2134 exinanitionis
537 2085 623 2146 statu,
649 2079 716 2133 Jolt.
735 2082 766 2140 5,
786 2082 826 2133 17.
872 2080 986 2132 Errant

107 2150 169 2263 ἲὴπ
184 2165 198 2201 o
213 2148 403 2205 Uolsiniensis.
427 2149 475 2219 qui
493 2148 704 2203 exinanitionem
724 2146 769 2200 vel
790 2151 810 2200 1.
829 2145 987 2203 immediate

142 2212 319 2271 incarnatione
337 2216 403 2270 Filii
419 2217 472 2271 Dei
490 2218 714 2287 interpretantur.
735 2215 848 2269 Sadecl.
862 2217 898 2271 de
909 2216 985 2271 hum.
1079 2222 1084 2227 '

108 2272 183 2338 inisti
207 2293 264 2340 nat.
292 2301 315 2340 e.
334 2292 358 2340 1.
383 2291 484 2356 p.192.
507 2286 536 2339 in
558 2304 600 2356 pr.
626 2285 710 2340 Solia.
733 2301 840 2355 exeges.
863 2284 987 2356 August,

90 2348 193 2407 antas
211 2359 264 2408 art.
282 2358 306 2409 3.
323 2371 351 2422 ρ.
363 2359 421 2410 246.
451 2354 504 2411 Vel
522 2360 546 2410 2.
565 2355 601 2409 ad
622 2355 754 2408 deitatem
773 2352 905 2408 referunt.
932 2355 985 2408 Su-

107 2412 157 2497 Ql.
174 2422 196 2476 d.
211 2423 265 2477 loc.
286 2421 371 2476 Soita.
390 2423 415 2477 d.
430 2422 448 2477 l.
465 2441 491 2503 p.
505 2429 564 2480 274.
594 2422 648 2478 Vel
668 2430 692 2477 3.
705 2422 851 2494 geminam,
870 2422 986 2477 alteram

107 2478 202 2553 lautis,
226 2491 343 2545 alteram
365 2491 547 2547 humamtatis
569 2490 691 2562 fingunt,
715 2491 799 2545 Solia.
825 2492 907 2562 alleg.
933 2491 985 2545 loc.

107 2546 259 2629 didefinitio
278 2560 484 2628 exinanitionis,
503 2560 539 2614 ab
557 2561 682 2630 apostolo
699 2561 773 2613 Phil.
793 2564 820 2627 2,
843 2562 865 2611 7.
883 2570 908 2614 ὅ.
928 2565 985 2613 tra·
1089 2580 1094 2589 ’

107 2614 157 2691 ills,
180 2627 307 2683 hiscum
330 2646 387 2683 non
409 2636 563 2699 competat,
591 2645 643 2683 nec
669 2628 814 2683 definitum
839 2632 985 2697 competet

93 2680 162 2749 lon
180 2714 250 2769 quas
269 2715 329 2768 sup.
347 2698 383 2752 de
402 2698 595 2753 communicat.
613 2698 767 2768 majestatis
786 2699 939 2763 annotata)

107 2802 127 2867 3·
144 2811 194 2880 Uti
208 2821 242 2881 ia
262 2819 397 2901 symbolo
418 2820 588 2902 apostolico
605 2819 653 2882 liic
669 2830 765 2881 status
781 2815 987 2901 exprimitur?

128 2902 148 3005 ι’
166 2917 308 2982 Articulo
321 2918 492 3002 praecipue
508 2928 640 3001 quarto:
661 2940 775 3002 passus
791 2917 851 2980 sub
867 2915 986 2980 Pontio

187 3050 195 3078 ‚
212 3001 393 3080 crucifixus,
414 3013 557 3067 mortuus
578 3014 609 3067 et
631 3003 782 3088 sepultus.

108 3167 113 3181 ,
156 3116 228 3180 (Dico
241 3121 408 3200 praecipua.
440 3120 514 3186 Quia
531 3119 725 3175 exinanitionis
743 3124 830 3172 status
848 3117 877 3170 in
895 3117 985 3187 primo

107 3184 272 3243 mltrnationrs
292 3197 430 3245 momento
455 3189 559 3259 coepit,
585 3195 613 3243 et
638 3190 720 3242 durat
743 3188 772 3240 in
788 3187 878 3255 ipsam
895 3204 984 3257 usque

107 3250 255 3332 ”illituum
291 3256 329 3311 Et
354 3258 394 3311 sic
418 3258 501 3312 etiam
528 3258 685 3327 conceptio,
708 3258 828 3328 gestatio
848 3255 876 3308 in
894 3263 983 3324 utero,

107 3318 219 3390 muas,
244 3326 344 3382 aetatis
369 3328 586 3396 incrementum,
610 3338 695 3398 atque
720 3326 790 3380 adeo
811 3330 871 3379 tota
895 3324 983 3395 ipsius
