2250 3772
308 260 362 326 De
382 281 520 346 persona
543 218 673 324 Cliristi.
884 257 948 323 243

84 425 95 490 l·
128 428 272 508 (luceam
299 432 334 494 in
355 430 413 493 troc
429 450 584 516 personae
607 428 722 490 Christi
746 429 949 512 descriptione

361 515 585 580 considerando
596 510 611 576 i

133 632 265 711 Quotaor
283 632 464 717 praecipue.
504 632 531 694 1.
555 629 648 711 Quae
670 638 702 694 et
723 631 827 714 qualis
846 632 950 697 nomi-

85 736 124 779 um
139 717 316 805 appellatio.
362 719 391 783 2.
416 716 507 797 Quot
528 727 560 780 et
582 715 719 800 quaein
741 715 869 782 Christo
890 741 949 782 na-

84 821 140 866 tue.
157 809 185 868 3.
201 801 296 882 Quae
318 811 350 866 et
371 803 474 886 qualis
495 812 680 865 naturarum
701 801 787 866 unia.
811 804 841 869 4.
857 802 948 883 Qua-

84 887 172 952 siter'n
192 898 224 952 et
239 888 416 974 quotuplex
431 886 662 974 proprietatum
676 887 849 951 earundem
863 910 950 952 com·

84 972 218 1039 tunicati0.

100 1125 123 1191 4.
162 1126 265 1204 Quare
286 1149 357 1210 erpo
375 1126 478 1188 Filiae
498 1124 566 1188 Dei
585 1125 759 1209 appellatur
780 1126 901 1190 Jecur?

125 1246 238 1321 Jesus,
264 1243 326 1307 hoc
348 1254 412 1327 est,
443 1241 600 1319 Salvator,
621 1241 737 1307 dicitur
759 1243 799 1307 ab
822 1246 948 1330 angela

84 1326 202 1416 tiaipse
226 1327 383 1415 populum
403 1349 496 1393 suum
518 1327 695 1391 salvaturus
718 1339 785 1392 erat
814 1329 854 1392 ab
881 1353 949 1394 om-

84 1408 299 1502 inpeccatis,
324 1415 437 1477 Metti.
462 1414 491 1489 1,
511 1413 564 1487 21,
594 1424 625 1477 et
653 1413 729 1497 quia
752 1436 817 1478 non
844 1415 948 1480 estin

84 1495 111 1562 lio
127 1522 286 1584 quoquam
306 1496 409 1574 salus,
437 1519 496 1561 nec
518 1497 606 1562 aliud
630 1507 747 1563 nomen
776 1500 836 1563 sub
857 1501 947 1566 coelo

84 1591 149 1734 tcpnp
172 1582 375 1735 lppminibua,
409 1583 443 1645 in
469 1604 533 1666 quo
562 1594 707 1668 oporteat
734 1584 838 1648 salvos
868 1585 947 1671 fieri,

113 1784 230 1853 (Notatio
249 1785 367 1840 sumitur
384 1784 420 1839 ab
441 1782 555 1839 effectis.
591 1784 702 1838 Dicitur
721 1785 794 1839 enim
816 1786 948 1842 hebraice

84 1869 160 1943 litte,
181 1863 248 1919 item
277 1869 432 1924 narnias
451 1853 580 1922 ⁸stlV³i0r2
600 1860 720 1926 salvans,
738 1879 755 1916 a
772 1872 833 1921 311111
848 1865 948 1929 ‚salva-

84 1942 97 1992 t
122 1941 162 1997 De
186 1941 299 1995 nomine
322 1939 375 1992 hoc
400 1937 465 1991 vide
480 1929 579 1985 Galat·
592 1933 608 1991 l.
623 1944 646 1992 3.
673 1938 707 1992 de
731 1956 824 1995 arcun.
846 1941 947 1998 cathol.

84 2006 120 2066 tlt
134 2029 155 2065 c.
175 2017 216 2066 20.
240 2009 290 2064 col.
314 2013 360 2064 153
379 2011 408 2061 et
427 2017 503 2070 seqq·
544 1998 652 2060 Graeca
670 2005 765 2074 Ῑήσοῦς
783 2007 896 2072 dicitur,
914 2009 945 2064 in

84 2075 121 2143 lus
143 2095 190 2133 sex
217 2077 305 2132 literis
335 2076 377 2130 sin
429 2085 476 2129 are
503 2086 680 2128 numerorum
709 2077 870 2157 mysterium
893 2078 946 2135 Bb.

84 2150 135 2202 ttres
151 2147 330 2217 investigant.
396 2162 427 2198 eo
446 2139 536 2195 obstat
566 2143 641 2210 quod
661 2149 689 2198 et
708 2145 755 2198 ahi
774 2163 875 2201 nomen
893 2147 947 2203 hoa

84 2228 111 2270 a
133 2217 303 2282 innuerunt,
332 2214 420 2268 vena
449 2177 556 2268 Josual
586 2212 642 2266 oux
668 2213 765 2283 populi
792 2213 947 2286 nassau,

84 2296 105 2340 tt.
120 2291 142 2350 1,
159 2284 268 2342 Josuah
287 2282 425 2348 Pontifex,
445 2276 576 2333 Zoraa.
612 2281 663 2334 Est
681 2282 754 2336 enim
775 2283 879 2338 elench.
898 2285 948 2339 im-

84 2367 102 2406 t.
133 2362 153 2410 1.
173 2354 225 2408 Isti
244 2353 317 2408 enim
332 2351 491 2406 habuerunt
507 2362 608 2404 nomen
624 2349 678 2404 hoc
694 2352 869 2421 impositione
885 2358 947 2408 tan·

84 2423 270 2490 libaminum,
295 2420 340 2474 hic
357 2436 422 2475 vero
442 2418 478 2473 ab
497 2418 604 2485 angelo.
641 2425 664 2472 2.
682 2420 734 2474 Isti
758 2420 871 2475 fuerunt
887 2429 948 2478 tan·

84 2503 103 2544 m
116 2492 182 2562 typi,
200 2491 247 2544 hic
264 2506 345 2545 verus
357 2488 484 2542 salvator.
514 2489 541 2538 3.·
557 2487 609 2540 Isti
625 2486 761 2543 beneficia
773 2491 950 2546 contulerunt

84 2558 315 2630 ttumcorporalia,
333 2557 379 2611 hic
388 2562 417 2611 et
426 2553 587 2626 spiritualia.
618 2564 643 2611 4.
658 2557 710 2611 Isti
717 2557 830 2612 fuerunt
839 2564 948 2615 tantum

84 2640 144 2682 trum
160 2627 289 2692 ministri,
305 2625 350 2680 hic
368 2642 433 2680 vero
453 2631 481 2678 et
498 2629 585 2677 antor.
615 2625 703 2679 Filius
711 2643 778 2697 ergo
787 2626 841 2680 Dei
853 2630 948 2698 appal-

84 2696 253 2764 usuram,
264 2695 356 2763 Jeaus,
373 2692 429 2747 κατ’
445 2690 550 2762 ἐξοχὴν.
572 2693 644 2758 Quia
658 2700 678 2749 1.
689 2694 763 2749 solus
776 2696 873 2763 salvat
882 2698 946 2751 Act,

91 2767 120 2818 12
141 2765 271 2833 (exclusis
296 2763 422 2818 omnibus
446 2763 598 2829 creaturis),
624 2770 652 2817 et
675 2764 741 2834 quia
764 2770 788 2820 2.
810 2763 846 2818 ab
871 2766 947 2819 omni

84 2830 113 2888 tlo
129 2836 224 2901 salvat,
242 2833 345 2888 Maca.
365 2836 389 2900 1,
410 2835 464 2899 21;
483 2837 507 2886 1.
524 2832 591 2887 Joa.
612 2838 636 2896 1,
657 2835 684 2900 7,
710 2837 739 2886 et
761 2832 827 2903 quia
845 2839 869 2889 3.
888 2850 945 2888 me-

84 2909 145 2957 oet
161 2903 290 2960 efficacia
316 2901 415 2956 salvat.
454 2900 554 2954 Merito
578 2901 636 2956 sive
654 2900 857 2965 satisfactione3
899 2902 948 2958 uia

84 2972 256 3055 ipropitiatio
294 2988 325 3025 ro
344 2969 466 3041 peccatis
483 2969 593 3034 nostris,
609 2973 635 3024 1.
652 2970 719 3022 eoo.
738 2972 764 3038 2,
783 2972 809 3024 2.
845 2969 869 3023 Ε
902 2988 946 3026 ca-

84 3048 100 3104 t
157 3041 263 3096 abana
284 3039 327 3094 cia
344 3038 521 3093 redemtionis
539 3037 733 3109 perspiritum
750 3044 877 3093 sanctum
890 3057 946 3096 me-

84 3114 176 3164 nnus
194 3108 280 3164 verbo
299 3112 327 3163 et
344 3106 523 3161 sacramentis
541 3106 622 3161 nobis
643 3107 757 3174 confert,
774 3107 898 3178 applicat
917 3115 945 3165 et

84 3172 174 3248 agnat,
193 3183 221 3232 et
242 3176 308 3248 quia
325 3182 350 3233 4.
364 3175 563 3246 perfectissime
577 3175 674 3229 salvat.
711 3175 806 3240 (Nulla
823 3181 866 3231 est
883 3194 947 3231 con-

84 3247 246 3302 mamete.
281 3247 362 3299 Rom.
383 3249 407 3311 8,
425 3248 453 3309 2)
478 3243 524 3298 hic
546 3243 703 3299 inchoando
722 3242 751 3296 in
775 3245 856 3300 nobis
873 3247 947 3301 salu-

84 3320 114 3378 m,
128 3312 178 3370 illic
192 3331 258 3371 vero
277 3315 391 3370 tandem
408 3313 643 3382 consummando.)
932 3339 936 3350 ι

741 3406 782 3451 1⁸·
