2250 3772
360 251 413 316 De
435 251 585 318 clausula.
862 253 939 349 469,

177 420 223 486 ois
243 421 478 507 exemplaribus
506 421 585 486 haec
614 421 757 488 clausula
783 423 926 488 invenia-

138 510 172 573 Ἰ).
194 508 224 574 2.
247 511 284 572 de
305 511 387 572 verb.
405 511 478 586 Dei,
502 532 525 572 o.
545 510 573 573 7.
597 510 649 571 col.
670 508 720 575 88.

102 593 131 658 3.
161 590 273 658 Verba
308 590 387 656 haec
419 590 604 678 Scripturas
640 615 748 656 sacrae
785 604 926 657 consona

82 687 108 755 t,
134 674 291 778 imprimis
319 676 494 762 gratiarum
515 677 633 742 actioni
654 676 809 742 Davidis:
856 679 935 742 Tuu-

91 763 234 846 Domtue,
255 766 489 847 mapnificeutt'a,
511 776 538 826 et
550 768 697 847 potentia,
720 775 748 828 et
766 764 876 848 pluria,
899 774 933 826 et'

82 870 116 929 u,
139 850 166 912 l.
188 847 267 910 Par.
289 847 341 924 29,
366 847 413 913 11.
750 914 753 919 ,
933 865 935 869 ’

103 932 130 999 4
155 930 308 995 Excitant
335 931 431 995 etiam
457 931 491 994 in
511 932 709 1017 precantium
728 931 841 996 animis
863 932 926 995 fer-

82 1015 191 1081 tionem
213 1038 290 1101 erga
308 1017 416 1080 Deum
438 1026 469 1080 et
490 1017 733 1102 promissionem
756 1020 824 1101 ejus
845 1016 927 1080 fidu-

82 1123 109 1163 n.
149 1101 270 1166 Merito
291 1100 390 1186 igitur
410 1101 594 1166 retinentur.

125 1222 197 1287 120.
243 1218 329 1298 Quas
351 1242 421 1306 erpo
444 1223 556 1306 epilopi
576 1225 722 1286 sententia
744 1221 811 1286 est?
867 1202 872 1211 ¹

102 1321 160 1386 Est
175 1321 351 1407 gratiarum
365 1321 447 1386 actio
464 1321 599 1386 orationi
615 1345 747 1400 annexa,
763 1345 827 1406 qua
841 1322 927 1387 haud

83 1426 120 1483 er,
139 1428 177 1470 ac
197 1406 226 1470 si
242 1407 311 1490 jam
331 1406 431 1492 petita
451 1407 699 1494 accepissemus,
726 1419 832 1493 grates
852 1409 927 1471 Deo

82 1489 181 1568 vimus,
202 1491 415 1575 fiduciamque
437 1492 470 1555 in
492 1504 632 1557 sanctam
655 1494 723 1576 ejus
742 1493 927 1580 promissio·

82 1597 96 1638 n
113 1576 225 1640 alimus
248 1589 279 1640 et
300 1576 533 1654 confirmamus,
566 1578 653 1662 quod
674 1591 743 1642 tum
761 1579 837 1644 velit
858 1590 928 1641 tum

82 1658 121 1724 sit
138 1660 226 1738 dare,
244 1663 332 1746 quod
349 1662 496 1748 petimus.

227 1763 297 1828 121.
337 1763 419 1843 Quid
435 1766 574 1847 siquifiat
593 1764 718 1828 Amen?

104 1862 178 1930 Vox
198 1862 278 1927 haec
296 1863 436 1928 hebraea
458 1875 506 1928 cst
526 1889 586 1928 oca
605 1868 692 1941 fidei,
713 1887 777 1948 qua
798 1874 924 1928 orantes

82 1967 111 2009 m
135 1948 176 2013 de
198 1948 401 2012 exauditione
430 1949 581 2013 orationis
609 1949 759 2013 fiduciam
788 1949 821 2012 in
851 1970 927 2047 pro-

82 2030 169 2097 aione
190 2033 299 2097 divina
318 2045 350 2098 et
366 2033 485 2098 Christi
500 2034 682 2098 mediatoris
697 2036 923 2099 intercessmne
1014 2076 1018 2081 -

82 2115 185 2182 catam
205 2128 371 2182 testantur.
416 2117 584 2205 Significat
608 2120 693 2183 enim
714 2123 813 2183 Amen
840 2118 934 2182 idem:

82 2200 182 2281 uita,
208 2227 293 2282 vere,
322 2216 417 2280 certe,
435 2208 592 2289 profecto,
622 2208 832 2269 indubitanter
856 2207 928 2268 haec

82 2287 164 2365 ciunt,
182 2291 271 2370 fiant.
351 2332 355 2345 ι
759 2356 762 2361 ,

91 2384 139 2449 (De
161 2386 256 2441 valore
283 2389 333 2442 τοῦ
356 2387 447 2442 Arnen
478 2388 607 2444 videatur
638 2390 766 2460 Anystus
791 2389 928 2443 Caniniuc

82 2452 128 2523 [uis.
147 2455 196 2511 lib.
214 2474 243 2527 p.
263 2463 303 2512 54.
321 2463 349 2511 et
366 2461 452 2528 seqq.)
752 2472 755 2477 ·

82 2559 94 2625 t.
124 2559 189 2624 Cur
211 2561 349 2624 clausula
370 2561 442 2626 llaec
463 2561 571 2625 Amen
593 2565 727 2626 orationi
747 2559 928 2643 subjicitur?

103 2658 148 2727 Ut
169 2683 232 2747 ego
253 2660 314 2724 sim
335 2672 450 2739 certus,
472 2662 629 2745 ejusmodi
650 2661 819 2748 petitiones
835 2659 926 2724 Patri

82 2750 125 2809 tro
146 2745 279 2820 coelesti
308 2768 377 2811 esse
399 2760 560 2831 acceptas,
590 2762 685 2831 atquc
707 2747 748 2811 ab
769 2769 807 2810 eo
830 2756 939 2810 exau-'

82 2848 110 2893 ts

82 2928 110 2994 ll.
155 2931 243 2995 Unde
264 2956 332 2999 cere
353 2947 485 2997 statuere
504 2945 600 3017 potes,
616 2955 725 3016 preces
748 2945 815 2995 tuas
835 2935 906 2997 Deo

345 3041 407 3083 esse
429 3018 598 3102 acceptas?

102 3110 188 3194 Quia
208 3113 283 3199 ipse
298 3117 469 3202 mandavit,
490 3130 526 3181 ut
546 3118 587 3182 ad
600 3118 696 3182 istum
709 3118 840 3182 modum
856 3141 926 3183 ore·

82 3214 121 3346 aet
137 3198 366 3361 lillibissetill
389 3203 468 3270 Iaso.
485 3205 536 3280 ll,
558 3205 587 3268 2.
632 3201 752 3267 Confer
773 3205 857 3268 Psal.
872 3205 924 3281 91,
