2250 3772
106 224 168 291 148
344 220 451 311 Caput
471 222 498 289 l
528 182 594 286 ¹De
616 222 782 309 decalogo.

105 394 240 459 odemnt
262 416 336 470 me3.
349 360 382 459 et
403 392 524 460 faciens
545 391 798 458 misericordiam
818 393 853 457 in
873 392 957 459 milli

104 479 165 565 his,
187 479 244 564 qui
262 478 403 565 diligunt
424 502 485 557 me,
508 491 540 544 et
555 477 738 543 custodiunt
752 488 960 566 praeceptam

173 582 287 651 (aroc.
306 582 354 648 ro,
375 584 401 634 s.
419 583 444 634 c.
481 583 567 635 aar.
586 583 612 649 s,
630 582 655 633 e.
674 578 737 647 rc.)

171 700 243 769 100.
292 700 379 781 Quae
408 701 584 765 rethorum
605 704 766 767 corborum
786 702 957 767 emanso?

189 818 282 884 Deus
294 818 434 883 minatur
447 841 586 903 poenam
600 818 757 903 omnibus,
779 818 836 919 qui
851 819 915 884 ista
927 843 960 906 pr

107 914 201 991 cepta
230 904 515 990 transgrediuntur.
567 905 734 969 Debemus
760 904 860 990 igitur
880 928 960 991 expa

107 1012 195 1056 scere
216 999 249 1054 et
268 990 379 1053 timere
399 989 480 1052 iram
500 989 584 1067 Dei,
612 1001 644 1054 et
669 988 750 1053 nihil
775 1000 887 1056 contra
908 990 960 1075 huj

74 1110 76 1115 ·
105 1074 194 1140 modi
225 1085 397 1160 praecepta
422 1073 537 1142 facere.
587 1074 752 1139 Promittit
776 1096 852 1138 vero
881 1076 960 1175 grati

107 1172 139 1225 et
166 1159 273 1224 omnia
301 1160 386 1223 bona
416 1159 581 1244 omnibus,
613 1160 669 1243 qui
697 1159 848 1223 mandata
869 1182 939 1244 eJus

104 1254 241 1311 servant.
290 1244 410 1308 Merito
438 1243 537 1331 igitur
568 1266 627 1330 nos
663 1244 817 1309 debemus
843 1245 954 1311 Deum

105 1352 192 1394 mere
226 1341 258 1393 et
288 1329 440 1415 diligere,
473 1341 504 1394 et
535 1329 712 1394 secundum
770 1341 921 1416 raecepta
950 1353 960 1395 ε

106 1437 234 1479 omnem
254 1427 396 1479 nostram
417 1414 515 1478 vitam
543 1414 655 1479 sedulo
679 1436 717 1479 ac
761 1414 909 1501 'igenter
929 1416 960 1480 in

106 1510 205 1566 tuere.

109 1635 181 1699 101.
220 1633 282 1712 Qui
298 1637 355 1719 fit,
385 1638 466 1717 quod
488 1635 561 1698 baec
588 1637 681 1699 cerba
709 1660 729 1698 a
750 1635 796 1698 D.
815 1635 955 1701 Lutbcro

107 1721 220 1785 calcem
228 1731 467 1819 praeceptorum
483 1719 619 1804 decalogi
631 1722 812 1804 affiyaatar,
834 1745 903 1783 cum
919 1734 960 1786 tar

106 1804 195 1870 Deae
218 1827 252 1867 ea
272 1828 343 1888 apsa
361 1806 461 1867 verbis
478 1805 579 1888 primi
595 1806 758 1887 praecepti
779 1807 815 1868 de
830 1807 960 1890 scalprts'lr

378 1889 551 1952 immediate
570 1888 748 1972 subjecerit?

193 2006 248 2069 Fit
269 2006 330 2071 hoc
352 2006 435 2071 ideo.
479 2004 566 2086 Quia
597 2009 624 2072 1.
654 2006 838 2092 generalem
865 2008 960 2073 ratior

106 2090 284 2176 continent,
315 2113 372 2156 cur
399 2091 547 2155 omnibus
574 2092 752 2177 praeceptis
779 2092 845 2156 Dei
868 2093 960 2159 obedi

106 2177 201 2251 dum,
231 2198 347 2260 nempe
383 2175 459 2259 quia
483 2175 649 2260 legislator
678 2188 726 2240 est
745 2178 907 2243 Dominus
929 2180 960 2244 D

106 2271 224 2335 noster,
245 2262 305 2323 vid.
327 2260 426 2324 Levit.
448 2261 500 2345 26,
522 2262 573 2327 46.

194 2341 281 2423 Quia
301 2345 331 2409 2.
353 2344 535 2429 generalem
558 2346 721 2410 continent
742 2346 960 2411 comminatior

107 2430 259 2493 adversus
281 2439 532 2514 transgressores
552 2438 618 2494 'non
639 2441 761 2495 tantum
775 2431 879 2517 primi,
903 2432 961 2496 sed

107 2514 172 2577 iam
195 2513 338 2576 omnium
359 2514 556 2598 reliquorum
576 2526 819 2601 praeceptorum
840 2516 960 2601 decalo;

176 2612 317 2680 (Affirmat
334 2615 407 2669 enim
424 2614 517 2679 Deus,
537 2632 566 2670 se
585 2615 763 2670 visitaturum
780 2615 959 2686 iniquitatem

106 2687 194 2751 trum,
215 2689 244 2737 at
263 2683 395 2754 iniquitas
413 2684 606 2754 complectitur
622 2684 788 2755 generaliter
799 2684 893 2740 omnia
903 2702 960 2756 pec

103 2768 169 2806 cum
187 2752 321 2823 decalogo
338 2753 512 2823 pugnantia.)

192 2854 281 2935 Quia
309 2856 338 2921 3.
369 2856 531 2920 continent
566 2855 749 2940 generalem
777 2854 960 2941 promissior

106 2962 185 3087 erga
199 2961 320 3015 omues,
335 2941 391 3023 qui
405 2941 556 3004 mandata
569 2941 637 3024 ejus
653 2963 717 3004 non
728 2950 851 3004 tantum
862 2940 896 3003 in
907 2943 960 3027 pri

107 3046 143 3088 se
183 3023 217 3087 in
239 3024 387 3090 omnibus
410 3025 541 3110 reliquis
561 3025 742 3111 praeceptis
765 3036 899 3092 servant.

179 3124 323 3188 (Rationes
336 3125 518 3179 desumuntur
529 3140 546 3178 a
557 3142 668 3195 genere,
688 3125 814 3180 adhibita
826 3125 960 3181 distribut

104 3192 257 3262 triplicium
273 3192 475 3264 subjectorum,
499 3193 622 3248 adversis
648 3194 677 3247 in
694 3193 894 3264 posterioribus
912 3196 960 3251 dur

105 3262 259 3317 rationibus
280 3262 502 3328 declaratomm.)
