2250 3772
263 244 427 310 Praefatio
449 244 589 310 facultat
611 244 707 311 theol.
728 243 835 310 Giess.
926 261 1020 308 xxm

130 413 211 496 geniti
228 414 364 479 infantes
385 414 591 478 rationabiles
620 425 652 478 et
680 415 749 478 sine
770 415 845 478 dolo
869 414 1021 500 concupi-

130 511 202 562 sant
218 500 283 577 lac,
305 500 424 575 idest,
446 499 623 563 doctrinam
644 498 816 576 sinceram,
836 521 919 582 quae
940 501 1019 566 Ena.

130 582 169 659 55,
189 589 202 648 1
223 585 298 649 lacti
319 580 531 670 comparatur,
563 595 599 648 ut
620 584 655 648 in
677 606 715 649 eo
738 583 887 649 crescatis
913 583 948 647 in
969 606 1020 648 sa-

128 665 208 733 lntem
228 671 256 734 1.
272 671 355 736 Pete.
371 671 402 753 2,
424 670 454 734 2.
511 669 658 753 Cumque
681 669 817 734 Lutheri
839 668 1020 734 catechesin

127 749 190 818 hanc
215 778 235 818 a
261 766 406 840 tempore
430 754 620 819 reformatae
647 755 813 840 religionis
834 752 1020 819 ladversarii

125 859 237 904 numero
259 838 362 916 multi,
388 839 566 904 eruditione
587 839 692 926 pauci,
712 863 753 904 ex
772 840 925 926 papiens,
947 839 1019 925 plu-

124 943 162 987 res
180 947 219 989 ex
241 923 426 989 Calvinistis
446 924 591 988 insectati
612 925 741 1002 fuerint,
761 925 878 1010 partim
893 923 1020 1000 erroris,

122 1009 222 1092 partim
245 1009 455 1073 mutilationis
477 1031 514 1073 ac
528 1009 649 1074 ordinis
664 1010 781 1074 inversi
795 1009 1020 1085 incusaverint,

121 1105 189 1158 reate
210 1094 356 1158 fecerunt
376 1093 441 1171 illi,
470 1093 527 1178 qui
547 1095 760 1180 patrocinium
780 1097 849 1178 ejus
870 1117 1021 1179 suscepe-

120 1189 193 1256 runt,
227 1178 356 1264 singula
377 1179 483 1264 capita
503 1202 544 1243 ex
565 1181 663 1243 verbo
686 1181 751 1244 Dei
779 1193 811 1244 et
833 1179 1020 1245 orthodoxis

118 1261 332 1349 interpretibus
363 1264 617 1351 explicaverunt,
644 1277 675 1329 et
704 1287 821 1350 operae
849 1287 926 1328 suae
954 1276 1020 1327 tam

117 1346 141 1412 in
160 1349 362 1415 informanda
382 1349 530 1434 imperita
545 1349 724 1434 plebecula,
745 1373 842 1434 quam
851 1351 1020 1434 juventute

88 1494 90 1507 ,
116 1435 298 1499 scholastica
319 1434 458 1519 pretium
476 1434 629 1500 fecerunt.
666 1435 755 1499 Inter
775 1435 848 1499 illos
874 1446 947 1499 ante
963 1458 1020 1498 an-

115 1541 164 1584 nos
184 1542 252 1584 non
281 1519 327 1583 ita
347 1520 466 1583 multos
491 1543 585 1584 suum
613 1526 742 1604 quoque
760 1543 878 1585 nomen
921 1519 1020 1583 rofes-

114 1625 159 1668 sus
180 1616 230 1669 est
251 1607 435 1669 reverendae
457 1618 485 1668 et
506 1608 699 1669 clarissimae
719 1609 781 1682 air,
812 1605 856 1672 D.
917 1604 1019 1669 hun-

114 1690 228 1754 radus
266 1689 572 1773 Theodericus,
607 1691 715 1754 ethices
757 1692 951 1755 Christianae
987 1692 1020 1754 e'n

114 1777 190 1839 alma
210 1775 270 1838 bac
293 1776 493 1839 universitate
508 1777 672 1866 professor
688 1776 832 1858 publicae
858 1786 886 1838 et
901 1777 1021 1858 paeda·

129 1859 285 1944 optarem,
306 1858 428 1922 amicus
450 1870 560 1923 noster
577 1881 614 1922 ac
635 1859 811 1944 respective
832 1858 914 1923 colle
938 1858 1020 1922 adi·

112 1883 216 2011 loctus.
261 1941 346 2007 Cum
367 1943 453 2007 enim
475 1942 521 2021 ei,
548 1954 674 2030 praeter
695 1943 838 2009 officium
859 1881 1021 2029 prodesse-

111 2029 200 2106 rium,
222 2028 320 2092 etiam
341 2028 565 2093 scholasticum
587 2029 628 2093 ab
650 2031 859 2093 illustrissimo
875 2041 904 2093 et
919 2030 1020 2092 celeie-

110 2119 185 2177 n'mo
202 2115 349 2198 principe
368 2138 405 2177 ae
426 2117 564 2198 domino,
586 2115 651 2178 Dn.
672 2113 905 2190 LudovicO,
930 2115 1020 2179 Has·

110 2201 173 2262 siae
205 2199 404 2283 landpraoe'o,
427 2201 602 2281 fundatore
630 2224 666 2264 ac
695 2201 822 2263 nutritio
845 2201 1021 2262 academiae

110 2284 197 2367 bajas
218 2284 441 2360 laudatissimo
470 2295 499 2346 et
530 2286 763 2368 benipne'est'mo,
794 2283 1021 2348 demandatum

107 2377 201 2441 esset,
222 2366 331 2430 statim
350 2367 384 2430 in
408 2390 479 2431 eam
498 2367 643 2432 incubuit
664 2390 783 2445 curam,
803 2381 839 2433 ut
854 2369 930 2432 fidei
944 2390 1020 2432 suae

108 2451 279 2517 commissa
303 2453 456 2535 juventus
484 2451 519 2516 in
541 2453 686 2517 doctrina
714 2453 841 2540 pietatis
864 2464 950 2518 recte
971 2454 1021 2517 in-

108 2537 304 2613 stitueretur,
327 2537 413 2622 apud
432 2537 574 2602 animum
594 2538 728 2603 firmiter
743 2550 895 2616 statuens,
920 2540 1022 2625 pieta·

106 2633 172 2687 tem
194 2622 236 2685 ad
258 2622 366 2686 omnia
386 2623 499 2686 utilem
521 2645 601 2700 esse,
625 2625 652 2687 1.
673 2625 801 2690 Timoth.
823 2626 854 2701 4,
877 2626 907 2700 8,
929 2635 961 2688 et
981 2623 1021 2686 ti-

106 2728 231 2771 morem
263 2707 397 2771 Domini
429 2708 557 2772 initium
591 2731 660 2773 esse
696 2708 800 2772 omnis
836 2709 1021 2794 sapientiae,

105 2793 226 2857 Ecclee.
243 2793 271 2868 1,
296 2794 345 2876 16,
368 2814 470 2876 eaque
492 2804 623 2878 propter
637 2792 772 2857 Lutheri
794 2795 1022 2858 catechismum

170 2875 335 2940 licendum
357 2889 389 2942 et
410 2877 575 2962 discipulis
605 2879 791 2942 dictandum
818 2901 884 2942 non
910 2879 1022 2942 incon-

104 2898 200 3025 diliis
222 2961 317 3025 nobis
339 2961 401 3026 sibi
424 2963 568 3062 sumpsit,
591 2975 687 3047 atque
704 2964 738 3027 in
760 2985 799 3027 eo
822 2986 913 3027 suam
927 2964 1022 3029 indu·

102 3046 234 3123 striam,
255 3045 367 3124 fidem,
389 3047 603 3112 sinceritatem
625 3060 657 3112 et
676 3048 816 3112 studium
839 3048 884 3112 ita
904 3050 1023 3134 proba-

103 3131 161 3215 vit,
184 3141 220 3194 ut
241 3153 307 3195 non
327 3132 527 3210 dubitemus,
550 3155 661 3197 omnes
681 3134 752 3233 pios
774 3145 806 3197 et
827 3133 1021 3199 orthodoxos

103 3215 204 3282 facile
225 3215 260 3278 in
284 3216 429 3282 instituto
453 3219 522 3302 ejus
555 3241 592 3283 ac
615 3218 753 3283 uiev1sse
781 3227 813 3282 et
839 3219 1022 3285 laudatissi-

102 3311 335 3367 mosconatus
357 3303 561 3389 approbasse.
638 3304 744 3368 echis
766 3314 932 3370 contentus
954 3306 1023 3390 fuit,
