2250 3772
451 234 625 322 Scriptura.
815 309 818 316 ,
951 239 994 303 47
1032 328 1035 333 .

114 395 173 475 litum
187 408 212 456 et
228 402 359 457 vitiosum
377 409 426 457 est
463 409 486 459 2.
505 403 616 458 Dicitur
633 405 679 459 lex
697 405 778 460 litera
795 405 933 470 occidens,
949 423 994 460 ra·

113 469 166 522 trono
178 470 216 524 cui
232 470 358 540 effectus,
376 472 444 525 dum
455 479 602 542 peecatum
614 473 707 545 arguit
724 479 753 528 et
769 474 994 530 maledictionem

113 531 244 609 denunciat,
262 545 293 596 at
311 556 344 595 eo
359 539 421 621 ipso
438 547 549 596 mortua
565 542 647 597 litera
663 543 720 597 diei
739 559 796 597 non
834 549 917 611 otest,
943 544 993 598 scd

113 605 182 670 quovis
200 609 291 678 potius
312 609 430 731 ancrpiti
456 609 552 680 gladio
568 610 772 680 penetrantior,
827 612 927 679 abac,
947 613 993 680 12,

112 685 156 726 cun
168 682 300 732 mortuum
320 693 376 749 quo
415 682 465 746 est,
483 679 608 734 occidere
626 698 681 736 non
699 680 808 751 possit.)

111 794 160 860 42·
173 801 332 864 Enumera
362 799 440 864 miti
464 822 565 884 porro
596 803 699 864 omnia
726 802 883 866 doctrinae
910 802 992 864 ehra'-

137 885 237 950 alianae
259 886 374 968 capito,
388 906 474 968 =quac
495 887 528 948 ia
550 885 716 969 Serapium
737 884 953 950 contincatur?

170 999 282 1087 Capita
298 1001 473 1088 praecipua
491 1001 558 1066 sive
578 1025 701 1066 summa
723 1001 887 1088 religionis
910 1000 993 1066 chri-

109 1082 199 1150 stianae
220 1097 294 1150 sunt
312 1086 471 1170 quinque:
498 1098 500 1101 ’

170 1173 193 1238 l.
212 1171 336 1236 Decalo
361 1195 408 1239 us.

168 1257 193 1324 2.
216 1194 410 1342 symboium
431 1256 652 1344 apostolicum.

168 1345 192 1409 3.
216 1340 330 1409 Oratio
352 1340 521 1407 dominica.

168 1430 193 1494 4.
215 1425 458 1493 Sacramentum
478 1424 637 1512 baptismi

167 1515 193 1578 ὃ.
217 1512 462 1578 Sacramentum
481 1533 600 1575 coenae
622 1510 809 1575 dominicae.

156 1627 322 1695 (Generatim
344 1629 414 1683 haee
428 1629 522 1698 capita
538 1628 576 1682 ad
595 1628 651 1682 duo
669 1628 794 1684 membra
810 1627 908 1683 referri
927 1644 991 1698 pos·

107 1700 159 1769 §unt
172 1714 270 1768 nempe
287 1698 323 1752 ad
340 1698 430 1765 legem
449 1704 477 1752 et
488 1698 676 1764 ooanycliam,
696 1714 768 1769 quae
779 1695 937 1769 distributio
950 1703 992 1752 est

107 1766 183 1843 magri
207 1767 237 1820 in
263 1782 314 1820 sua
336 1766 476 1835 membra,
504 1770 616 1836 sumpta
637 1767 674 1820 ad
698 1766 827 1836 objecto(
851 1765 990 1838 Quicquid

106 1842 158 1888 turn
172 1836 199 1889 in
215 1835 346 1890 univorsa
363 1835 489 1889 doctrina
509 1834 641 1889 ecclesiae
662 1835 828 1904 continetur,
844 1834 889 1890 vel
906 1834 991 1889 refer⁴

106 1899 180 1957 mad
195 1905 287 1976 legem
306 1903 351 1958 vel
368 1903 550 1974 evangelium.
589 1903 634 1960 Sic
661 1920 769 1957 summa
790 1903 861 1974 legis
881 1909 924 1957 est
942 1902 990 1956 de·

105 1968 207 2043 mogus,
236 1989 343 2044 summa
373 1971 510 2043 evangelii
541 1977 584 2026 est
612 1972 770 2042 symbolum
798 1971 990 2042 apostolicum.

104 2033 258 2096 flammante
284 2057 351 2095 vero
384 2048 449 2094 sunt
476 2039 615 2112 evangelii
638 2041 822 2111 appendices,
853 2046 990 2112 quatenus

103 2109 197 2185 petiam
215 2111 245 2164 in
263 2109 408 2180 cvangelio
426 2109 589 2179 promissam
606 2114 667 2162 tum
685 2109 845 2176 conferunt,
863 2116 922 2164 tum
942 2108 990 2163 ob-

104 2185 197 2244 ducant
235 2179 331 2234 Oratio
351 2178 489 2232 dominica
506 2184 548 2232 est
565 2179 740 2247 pars'cultus
758 2177 853 2242 divini,
871 2178 934 2232 ideo
953 2177 989 2231 ad
1086 2228 1094 2243 ,

102 2237 170 2314 legem
186 2246 325 2312 refertur.)
419 2258 422 2263 ’

117 2363 157 2434 43.
194 2369 269 2448 Quis
291 2367 482 2452 sinqulorum
510 2367 621 2497 horurp
649 2369 784 2451 capitum
805 2368 839 2430 ia
859 2389 968 2452 ponere

453 2474 527 2516 usas
548 2463 605 2516 eat.

165 2569 209 2636 Ut
229 2590 440 2719 agnoscamus
465 2570 492 2636 1.
544 2568 578 2632 ui
605 2579 637 2634 et
665 2569 774 2653 quales
797 2591 856 2634 nos
880 2569 990 2646 simus,

104 2657 126 2710 et
139 2672 246 2734 quomo
270 2678 289 2720 o
318 2654 412 2718 nobis
441 2674 514 2717 cum
571 2676 609 2718 eo
630 2653 760 2718 domino
781 2665 891 2718 nostro
913 2676 990 2718 con-

104 2737 192 2830 veniat.
237 2741 266 2805 2.
297 2736 364 2818 Qui
393 2749 425 2801 et
455 2739 559 2820 qualis
588 2739 679 2802 Deus
702 2739 850 2803 dominus
879 2752 991 2802 noster

105 2829 144 2894 ⁸1t,
162 2837 189 2887 et
208 2847 273 2907 qua
291 2823 414 2887 ratione
436 2844 510 2887 cum
531 2823 601 2908 ipso
625 2824 823 2888 reconciliari
845 2845 882 2887 ac
903 2823 988 2886 uniri

104 2920 240 2982 queamus.
