2250 3772
93 217 152 281 '88
349 213 501 300 Caputssl.
544 216 597 279 De
622 216 787 301 decalogo.

158 385 207 450 70.
234 386 359 468 Eryone
380 370 561 451 sabbathum
582 388 670 452 nobis
689 387 785 470 plane
805 380 984 449 usblatrsm'i

197 487 345 551 Minime:
377 496 501 549 tantum
529 485 615 550 enim
639 483 877 549 circumstantia
898 482 999 571 septin

112 569 178 634 diei
200 569 325 634 sublata
346 582 411 648 est,
431 583 538 635 manet
558 571 686 635 interim
706 569 768 635 hoe
784 569 917 654 morule,
937 590 999 653 quo

111 678 170 719 nos
194 676 304 718 omnes
326 655 464 740 obligat,
485 677 601 741 nempe
622 655 753 739 aliquod
774 666 903 741 tempus
925 653 999 719 arla

111 740 220 804 divino
242 739 465 804 destinandum
486 763 565 807 esse.

287 874 337 942 71.
369 874 532 953 Quodnam
554 889 598 940 est
618 877 696 948 illud
716 873 858 963 tempus?

195 974 352 1038 Liberum
367 987 415 1040 est
429 976 560 1060 quidem
574 976 753 1041 christianis
768 976 853 1041 hunc
867 974 921 1040 vel
932 974 999 1041 illus

110 1058 195 1123 diem
217 1060 367 1131 exercitio
389 1061 463 1125 huic
483 1061 590 1125 divino
613 1062 789 1147 destinare;
811 1060 888 1146 quia
905 1070 999 1125 tamer

110 1155 146 1208 ut
168 1167 187 1207 a
208 1144 348 1210 Judaica
376 1168 410 1210 se
438 1168 607 1231 synagoga
627 1156 812 1232 separarent
833 1144 973 1232 apostoli
992 1165 999 1207 r

110 1229 277 1315 apostolici
297 1230 372 1308 viri,
393 1231 479 1295 diem
499 1231 693 1295 dominicam
713 1230 864 1317 religiosa
885 1229 999 1295 soleun

109 1325 175 1378 tate
196 1314 376 1379 habendam
400 1326 581 1401 sanxerunt,
604 1327 636 1380 et
657 1339 786 1381 omnem
797 1314 936 1401 gloriam
950 1313 999 1379 sal

110 1398 200 1462 bathi
218 1399 341 1483 judaici
364 1400 489 1465 ineam
510 1401 681 1466 transferre
704 1402 930 1477 decreverunt,
956 1420 999 1463 m<

110 1482 173 1548 rito
193 1506 252 1548 nos
272 1484 407 1549 eandem
428 1487 524 1550 etiam
545 1487 753 1552 celebramus.
840 1496 844 1505 '

179 1592 304 1661 (Certum
326 1599 436 1662 oportet
460 1612 520 1649 esse
543 1599 653 1665 tempus
674 1595 762 1650 cultrri
789 1595 882 1649 divino
904 1593 999 1647 destirr

109 1667 186 1731 tum,
208 1660 317 1715 interim
338 1679 395 1716 non
414 1679 508 1716 sumus
525 1664 681 1718 necessario
699 1663 808 1735 alligati
827 1663 864 1718 ad
883 1659 999 1716 dismul

132 1747 196 1785 uem
213 1735 327 1800 certum,
346 1731 390 1786 vel
410 1731 484 1786 diem
502 1731 576 1800 solis,
594 1732 638 1787 vel
656 1733 743 1799 Joris,
759 1732 805 1786 vel
821 1729 962 1798 Mercurii,
980 1747 997 1783 v

140 1800 197 1853 'um
224 1799 363 1871 quemvis,
397 1801 447 1855 sed
471 1800 638 1855 christianae
659 1802 712 1856 hoe
736 1799 859 1856 libertati
885 1799 999 1854 relictus

112 1867 160 1925 Sic
177 1869 296 1938 apostoli
315 1874 504 1924 convenerunt
521 1886 603 1951 saepe
616 1870 660 1925 die
672 1868 816 1938 sabbathir
832 1867 925 1991 lepale
939 1867 999 1922 etia

110 1936 259 1992 discrimen
270 1955 322 2008 pro
333 1937 464 1993 libertate
474 1937 632 1993 Chrmtrana
643 1938 833 2001 observarunt,
881 1954 935 1989 om.
945 1940 988 2001 14,

109 2007 150 2060 At
173 2024 236 2061 cum
260 2007 313 2061 hoc
335 2007 521 2062 necessarium
547 2007 723 2062 adsalutem
746 2006 838 2078 rigide
863 2022 882 2060 a
903 2004 999 2075 pseud«

110 2076 242 2144 apostolis
259 2083 412 2146 urgeretur,
435 2075 500 2131 Gal.
514 2080 541 2144 2,
560 2080 585 2140 l,
603 2076 677 2130 diem
694 2075 815 2146 primum
831 2073 999 2129 hebdomadi

108 2143 404 2280 {empefiemfffl
430 2145 587 2215 elegerunt,
610 2147 673 2199 Aet.
699 2146 750 2214 20,
777 2148 799 2201 7.
838 2147 863 2196 1.
888 2143 955 2198 Gor.
980 2146 997 2195 1

133 2229 200 2280 poc,
236 2217 306 2279 ‚ro

424 2331 473 2396 72.
509 2332 613 2408 Quare
631 2331 716 2396 hoe?

196 2426 283 2509 Quia
299 2430 460 2494 Dominus
482 2442 590 2496 noster
604 2432 628 2498 J
629 2454 703 2497 esus
720 2430 866 2497 Christus
877 2431 939 2496 hac
952 2431 999 2517 ips

96 2512 162 2577 die
184 2535 204 2577 a
223 2514 355 2578 mortuis
377 2516 560 2592 resurrexit,
582 2528 614 2580 et
627 2517 856 2582 resurrectione
880 2539 940 2580 sua
958 2522 999 2602 spi

110 2598 224 2663 rituale
246 2600 437 2664 sabbathum
458 2601 627 2667 inchoavit.

179 2708 273 2773 (Unde
292 2715 320 2763 et
338 2708 397 2762 dies
415 2707 531 2784 κυριακὴ
550 2709 689 2763 dominica
708 2708 817 2776 dicium,
835 2709 923 2777 Apoe.
939 2713 956 2762 1
980 2713 997 2763 1

109 2775 297 2832 Commnniter
310 2777 368 2832 dies
380 2778 453 2846 solis,
468 2778 535 2850 qnia
545 2777 671 2833 Christus
683 2778 725 2832 sol
739 2777 874 2847 justitiae,
892 2749 964 2830 Mal

109 2849 135 2914 4,
152 2851 178 2899 2.
197 2846 289 2901 varios
308 2847 413 2917 gloriae
432 2863 500 2901 suae
516 2847 608 2901 radios
626 2847 680 2900 hoc
698 2847 744 2901 die
760 2845 958 2914 manifestavit,
977 2863 999 2900 u

109 2915 185 2983 qnod
211 2931 244 2970 eo
270 2916 432 2984 resurrexit,
457 2918 551 2971 Mare.
576 2919 625 2980 16,
654 2918 685 2985 2,
715 2914 858 2984 Apostolis
884 2913 999 2969 uisunot

108 2981 216 3039 vicibus
235 2984 332 3038 eodem
350 2984 488 3055 apparuit,
507 2985 574 3038 Joh.
586 2987 633 3051 20,
645 2987 686 3036 11.
699 2989 727 3038 et
743 2999 830 3054 seqq,
849 2988 877 3037 et
889 2983 999 3052 Spiritu

108 3056 236 3106 sanctum
256 3052 354 3107 iisdem
369 3051 483 3123 publice
502 3052 585 3120 misit,
604 3054 700 3105 Actor.
713 3055 740 3120 2,
756 3058 779 3108 l.
795 3057 824 3106 et
834 3068 919 3122 seqq,
938 3058 999 3123 atqr

110 3119 150 3173 sia
169 3120 319 3177 solenniter
336 3121 397 3193 ipse
416 3121 490 3175 diem
507 3121 582 3174 hunc
599 3120 778 3175 consecravit.
817 3119 940 3184 Quidam
962 3136 999 3191 ge

110 3202 184 3242 man.
197 3187 334 3262 Sonntag,
351 3191 459 3244 dictum
469 3189 567 3245 volunt
578 3206 606 3261 q.
614 3188 802 3260 Versiihntag,
834 3187 882 3242 uia
897 3188 999 3243 Christe

108 3254 163 3311 hac
181 3256 225 3312 die
242 3274 260 3312 a
276 3263 364 3314 morte
382 3274 531 3331 resurgens
549 3274 599 3313 nos
617 3259 692 3329 patri
709 3257 818 3314 reconc'
858 3257 909 3314 rit.
957 3258 999 3312 Fu

997 2822 999 2829 r
