2250 3772
123 244 145 311 4
463 246 516 312 De
534 270 559 313 s.
580 258 690 313 sancte

125 412 171 467 hic
188 428 319 484 magnam
337 418 451 535 lpartem
473 429 529 469 uno
549 414 652 471 intuitu
669 413 809 481 intucaris,
828 413 902 470 licet.
939 414 1035 479 Quen·

125 498 209 553 quam
235 481 308 536 enim
357 482 490 536 onerariis
515 500 713 564 nonnunquam
741 484 833 539 verbis
859 501 921 538 eam
948 485 1035 538 etiam

126 550 332 605 commendent:
358 550 425 621 quia
440 557 533 605 tamen
550 550 579 604 id
596 552 705 606 faciunt
715 550 769 607 hoe
781 558 916 622 respectu,
936 558 1035 633 quate·

122 636 175 673 nus
193 618 343 688 Scriptura,
362 620 514 673 secundum
531 620 653 689 ipsorum
668 620 835 691 hypothesin
847 620 1034 688 falsisumam,

121 688 181 758 jam
198 687 374 743 autoritatem
394 705 473 743 suam
496 688 604 758 accepit
623 689 659 743 ab
678 689 807 756 eeclesia,
829 689 932 745 idcirco
956 689 1035 743 illam

124 773 180 812 non
197 772 261 813 vere
280 756 409 825 laudant,
432 756 480 810 sed
500 758 631 837 culpant,
650 757 704 811 imo
722 758 923 840 blasphemant.
960 758 1035 814 Nam

123 826 1037 964 1191991191.91199111199991929

122 963 230 1031 plum.
254 963 284 1016 in
311 961 451 1017 relection.
478 962 594 1033 princip.
618 962 664 1016 fid.
690 969 855 1018 controvers.
886 971 910 1019 «1.
928 969 1037 1033 quaest

125 1038 150 1086 5.
170 1048 235 1103 pag.
255 1037 313 1087 495.
355 1032 429 1085 Esse
446 1032 557 1099 quidem
574 1049 667 1086 nocem
683 1033 757 1100 Dei,
781 1035 834 1086 sed
851 1051 908 1087 ooo
925 1033 1037 1100 simpli·

126 1100 205 1169 citer,
230 1117 280 1154 uec
303 1115 421 1168 temper.
451 1101 534 1153 Idem
555 1099 659 1154 ibidem
681 1118 707 1170 p.
726 1106 786 1156 499.
816 1102 915 1169 Ipsam
935 1102 966 1154 io
983 1118 1037 1155 euo

125 1186 209 1291 tet
222 1170 857 1307 1199191111.2199961112
866 1185 1036 1293 111172111

527 1278 533 1303 1
841 1283 847 1294 ·
1027 1278 1036 1306 9

125 1306 246 1363 101320.
264 1323 288 1361 a.
301 1305 371 1359 Cum
382 1306 507 1359 Diabolo
523 1324 579 1359 mom
598 1322 657 1359 esse
674 1314 814 1359 certamem
830 1307 983 1361 iocundum
1002 1323 1036 1359 ec

125 1375 189 1442 ide,
206 1376 283 1428 idem
299 1374 347 1428 lib.
366 1380 389 1429 3.
409 1374 444 1429 dc
466 1374 656 1429 autoritates.
679 1373 837 1445 Scripturae
861 1374 908 1429 fol.
928 1380 987 1430 261.
1007 1376 1036 1431 b.

124 1445 185 1498 Nec
210 1445 237 1496 ee'
260 1444 350 1511 meeis
368 1444 540 1496 credendum
566 1460 650 1510 quom
674 1444 738 1499 Tito
761 1445 855 1511 Liuio,
882 1443 1036 1499 Guileetm

126 1512 213 1566 Baete
232 1517 397 1568 controvers.
418 1510 575 1566 catechism.
597 1512 631 1565 de
650 1511 783 1582 Scriptur.
807 1518 973 1568 controvers.
995 1519 1035 1568 15.

166 1586 207 1636 10.
236 1580 380 1635 Habentes
397 1596 458 1633 cam
476 1579 538 1633 insu
559 1596 589 1635 er
600 1597 659 1648 pro
672 1581 772 1648 princi
791 1582 828 1633 iio
845 1583 1036 1651 Proteum-ae,

124 1598 260 1704 horrens.
287 1649 317 1703 in
342 1648 506 1718 praefation.
533 1598 683 1704 defension.
716 1665 749 1703 co
781 1650 878 1703 ession.
901 1650 947 1703 Au
988 1649 1037 1703 sti·

124 1718 199 1775 nien.
244 1718 375 1771 Omnium
398 1718 610 1781 haeretieorum,
636 1717 761 1771 Greteer.
788 1734 951 1788 respons.a
994 1718 1035 1774 th.

125 1786 233 1841 Hunnii
249 1802 311 1857 cap.
329 1792 353 1841 4.
371 1802 436 1866 pag.
456 1790 497 1839 31.
531 1787 592 1839 Pro
602 1786 689 1853 fonte
707 1794 733 1839 et
749 1787 920 1856 centuripino
938 1788 1037 1841 baere-

125 1856 199 1919 aium
218 1864 244 1909 et
266 1854 442 1923 consumente
460 1854 660 1922 Babylonicum
682 1856 805 1912 Teucer.
824 1856 853 1909 in
871 1872 957 1910 exam.
979 1854 1037 1910 col-

126 1926 181 1996 loq.
200 1924 345 1979 Ratisbon.
363 1940 423 1992 cap.
442 1928 465 1977 2.
485 1940 513 2045 p.
532 1928 573 1978 21.
593 1930 620 1978 et
638 1939 662 1978 c.
681 1928 721 1977 29.
761 1969 764 1975 .
786 1928 844 1979 216.
882 1924 1037 1978 Occasione

127 1994 294 2061 haeresium,
316 1993 430 2046 Cenem.
445 1990 485 2045 Co
498 2010 542 2047 om
561 1991 591 2045 in
608 1992 725 2061 praefat.
773 1991 880 2047 onhem.
902 1998 924 2048 1.
947 2009 974 2062 p.
994 1998 1036 2047 26.

126 2064 251 2131 Resupio
272 2061 483 2123 hoereticorum,
503 2065 609 2116 Becam.
623 2060 657 2114 de
663 2061 751 2129 judie.
771 2067 935 2115 controvers.
949 2067 973 2126 ξ.
993 2068 1035 2116 11.

127 2138 216 2201 p.17.
240 2131 346 2183 Valent.
363 2133 391 2184 2.
415 2130 552 2184 secundae
577 2128 607 2183 in
625 2128 723 2183 Thom
752 2129 822 2198 disp.
845 2137 866 2184 1.
886 2136 991 2200 quaest
1014 2137 1036 2185 1.

128 2205 224 2271 punct.
244 2206 267 2256 7.
287 2198 338 2252 col.
360 2203 416 2253 174.
452 2198 487 2253 D.
505 2198 630 2253 Gretser.
650 2197 755 2251 defens.
773 2197 904 2252 Bellarm.
923 2198 980 2253 11.
1001 2199 1037 2255 de

129 2269 204 2324 verb.
229 2268 282 2322 Dei
306 2284 367 2336 cap.
389 2274 412 2321 7.
431 2273 497 2321 tom.
519 2272 540 2321 1.
566 2266 618 2321 ool.
638 2271 710 2321 1561.
735 2266 771 2321 D.
794 2272 822 2321 et
842 2284 902 2337 cap.
923 2273 961 2322 12.
984 2267 1037 2322 coh

130 2343 205 2393 1812.
223 2336 258 2389 A.
280 2337 375 2397 Libro,
395 2353 427 2389 ec
439 2353 493 2403 quo
505 2336 634 2389 haereses
649 2335 787 2398 oriantur,
806 2337 913 2388 Becare.
930 2336 965 2391 de
973 2336 1037 2405 jud.

129 2412 295 2461 controvers.
319 2407 343 2472 ξ.
368 2411 395 2459 11
423 2412 451 2458 et
471 2409 509 2459 12.
527 2422 555 2474 p.
577 2409 615 2459 17.
658 2402 765 2456 Gestar.
790 2404 897 2526 apolpg.
924 2404 953 2458 in
979 2403 1037 2459 Go-

127 2491 196 2531 msr.
213 2490 241 2543 p.
255 2479 279 2529 2.
297 2473 332 2528 de
350 2492 370 2528 s.
390 2472 489 2543 Script.
509 2489 543 2527 ca
564 2478 606 2528 ,2.
684 2477 760 2527 ‚tce
780 2473 858 2542 Lupi
903 2474 1037 2539 velmof·

126 2542 267 2611 ferociente
290 2559 396 2595 arcano
419 2542 512 2610 Dee'j
553 2488 757 2610 icimpsstgelemt.
783 2540 832 2595 lib.
856 2548 882 2598 5.
917 2542 1036 2612 Analys.

128 2628 162 2668 ca
181 2654 187 2667 .
207 2618 233 2669 4.
264 2628 328 2682 pag.
359 2615 415 2667 111.
457 2610 622 2666 Voeitantes
647 2610 796 2662 materiam
824 2611 895 2675 lim,
928 2609 1038 2679 Colloq.

132 2631 267 2737 aponum.
291 2696 364 2735 euno
385 2685 460 2736 1557.
484 2679 560 2749 apud
586 2678 639 2733 Vir,
657 2679 752 2732 Mater.
776 2676 891 2734 discuss.
914 2684 973 2733 690.
995 2696 1038 2734 er·

127 2766 180 2805 ror.
201 2748 321 2805 Heshus.
342 2755 366 2805 7.
392 2766 421 2818 p.
440 2754 481 2803 25.
520 2746 676 2816 Ecaopele't'
696 2746 843 2815 accidens,
868 2748 944 2801 idem
968 2747 1035 2804 ibid.

129 2824 153 2881 4,
169 2834 235 2890 pag.
256 2824 294 2873 19.
313 2818 441 2886 cuiquam
461 2816 596 2885 libellum,
614 2814 699 2869 Lite.
718 2814 765 2869 lib.
784 2820 806 2869 2.
825 2817 936 2895 panopl.
954 2822 1035 2872 c.13.

174 2894 216 2943 67.
242 2902 275 2941 ac
296 2903 356 2940 com
377 2891 487 2940 arantes
511 2902 571 2941 eam
591 2884 733 2953 Sptpnpis
755 2885 920 2952 aenigmate,
945 2885 1037 2939 Aetas

126 2906 226 3011 &olom
245 2955 320 3025 apud
364 2955 444 3024 bsttp.
459 2954 614 3007 Metoooht.
633 2952 664 3005 in
681 2967 753 3021 resp.
772 2952 809 3005 ad
827 2953 961 3007 criminet.
974 2953 1037 3008 Sta·

166 3025 205 3095 yh
224 3029 253 3078 et
269 3023 334 3077 Arii
354 3023 387 3079 P.
410 3033 433 3078 4.
451 3040 525 3091 oper.
542 3039 570 3092 p.
592 3027 651 3077 813.
694 3020 815 3074 Fabulis
831 3023 947 3090 Aesopi,
965 3023 1038 3076 Hor.

139 3093 177 3150 ib.
197 3098 221 3147 3.
246 3092 281 3149 de
305 3092 443 3147 autoritet.
468 3108 488 3146 s.
510 3090 608 3159 Script.
633 3088 681 3144 fol.
699 3095 759 3146 269.
786 3106 811 3143 a.
834 3091 956 3143 Miletus
983 3092 1039 3144 dis-

128 3178 201 3220 cum.
220 3176 302 3217 error.
320 3160 439 3215 Heehus.
459 3165 483 3214 6.
502 3176 568 3229 pag.
589 3164 630 3213 21.
665 3159 772 3212 Pietor.
791 3164 888 3213 contra
904 3159 1038 3214 Mentzer.

128 3246 189 3302 cap.
210 3236 233 3287 1.
258 3229 387 3301 hodeget.
416 3226 479 3283 fals.
504 3235 563 3283 699.
593 3226 678 3293 foliis
712 3228 850 3296 Sibyllae,
883 3228 1038 3296 Staphylue

76 3518 208 3544 Q
