2250 3772
227 234 270 299 90
466 231 572 318 Caput
592 234 617 298 1.
662 234 714 298 De
736 234 901 320 decalogo.

229 401 345 467 elesiae
369 399 489 467 Christi
510 402 754 550 fruendorum,
778 426 861 488 quae
882 414 975 490 grata
995 404 1051 470 olu

228 510 288 552 nus
309 497 415 552 mente
436 508 510 551 reoo
523 510 576 552 ere
598 487 703 554 debet.

313 573 342 638 3.
372 571 438 635 Pro
462 583 511 635 ter
531 575 747 658 imitationem,
774 583 811 636 ut
830 585 1051 639 sanctorum*

227 655 340 733 fidem,
369 678 408 721 oo
444 655 619 734 essionem,
647 658 874 743 constantium,
901 658 1051 744 patientia

227 741 306 806 alias
329 740 460 805 virtutes
481 740 535 825 pie
555 741 724 809 imitemur.

298 859 429 927 (Errant
446 858 533 930 igitur
552 861 745 941 13pontifiois'.
756 859 804 941 qni
815 859 1023 919 multitudinem
1032 879 1051 917 n

227 928 1051 1057 fflffllitoeiilllffldulffdldidlllldimail

227 1082 246 1120 a
265 1066 305 1120 ud
316 1064 410 1120 Deum
420 1065 559 1136 invocant,
577 1037 738 1137 meritisque
746 1066 870 1136 ipsorum
882 1066 985 1123 salvari
996 1086 1051 1140 exp

255 1135 300 1190 ide
319 1134 459 1190 Bellarm.
478 1134 496 1188 l.
516 1141 539 1191 3.
566 1136 601 1190 de
620 1135 685 1190 oult.
703 1141 792 1189 sanet.
818 1152 842 1191 o.
864 1142 903 1193 16.
929 1153 981 1208 por
997 1142 1049 1195 tot.

227 1203 279 1259 eol.
301 1209 360 1259 919.
378 1202 415 1257 Ι).
456 1204 570 1258 Erram
596 1210 621 1259 2.
638 1202 783 1272 fanatici,
809 1203 857 1276 qui
880 1204 955 1261 festa
979 1220 1051 1261 sano

226 1271 372 1354 rejiciunt,
396 1272 482 1344 inque
499 1272 651 1328 Salvatoris
670 1270 769 1326 diebus
792 1271 872 1329 iestis
891 1273 1051 1331 solennibus

227 1358 347 1396 masouos
370 1338 529 1412 Scripturae
551 1347 656 1409 textus,
679 1341 709 1395 in
734 1341 836 1413 quibus
858 1342 937 1398 nulle
953 1342 1051 1400 histori

226 1409 424 1466 beneficiorum
448 1408 551 1463 Christi
573 1426 625 1480 pro
648 1410 754 1465 ratione
777 1411 909 1481 temporis
935 1412 1051 1469 oonaide

226 1478 307 1534 nobis
327 1478 459 1532 memoria
474 1479 647 1559 proponitur,
666 1496 681 1534 e
718 1479 819 1533 licant:
836 1480 891 1535 eoi
912 1498 943 1536 so
954 1481 1051 1538 ordine

226 1553 335 1604 centem
343 1547 372 1601 in
378 1546 501 1628 eeclesia
511 1547 650 1616 tollentes,
662 1552 686 1604 1.
718 1551 810 1616 oali,
818 1499 915 1606 26.Αό
929 1551 968 1604 D.
976 1549 1051 1622 Steqr

226 1615 437 1671 Photiniamsm.
453 1615 556 1687 duput.
570 1621 612 1671 53.
628 1634 654 1688 q.
666 1621 690 1673 6.
707 1633 736 1687 p.
749 1621 799 1672 618
812 1634 842 1673 se
883 1656 890 1670 .
921 1619 1044 1676 Calain

225 1684 309 1740 theol.
326 1682 429 1740 defens.
442 1689 466 1739 2.
484 1690 572 1738 contr.
585 1684 714 1756 Westph.
753 1634 997 1742 ‚tetqdlilielau
1016 1689 1051 1743 Z«

225 1754 245 1810 l.
258 1759 284 1810 2.
295 1752 373 1823 polit.
386 1752 453 1809 ecel.
467 1769 491 1808 c.
505 1759 529 1809 8.
542 1772 570 1824 p.
583 1760 634 1810 415
644 1771 704 1826 sqq.
730 1703 853 1818 duorum
864 1755 1024 1825 opinionem
1034 1776 1051 1811 n

225 1824 260 1878 P.
268 1825 355 1877 Tarra.
363 1821 507 1880 deminist.
516 1821 582 1879 ecel.
591 1822 609 1876 l.
617 1829 641 1878 2.
651 1840 674 1877 e.
683 1830 706 1878 4.
720 1824 1043 1893 nannetensium

227 1945 276 2010 76.
310 1945 372 2008 Sed
391 1968 446 2008 aar
467 1945 698 2009 circumstantia
727 1947 763 2008 de
790 1967 852 2008 aon
874 1945 1051 2027 faciendo«

358 2042 401 2092 eat
422 2031 647 2106 cerernoaa'alia,
667 2041 695 2093 et
713 2052 769 2117 aaa
790 2051 852 2091 non
873 2029 1011 2114 obliqui?

311 2126 399 2208 Quia
421 2130 449 2195 1.
471 2127 596 2193 feriatio
619 2130 660 2193 ab
682 2151 779 2214 opere
800 2129 834 2192 in
850 2130 1008 2195 sabbatho
1023 2130 1051 2194 iu

223 2212 358 2278 moriam
378 2212 555 2276 eductionis
599 2212 687 2299 opuli
706 2237 747 2279 ex
768 2214 918 2279 servitute
932 2216 1051 2302 Aegyp

224 2299 258 2362 in
277 2296 422 2380 requiem
441 2308 544 2361 terrae
567 2237 700 2362 danaen
724 2298 884 2375 instituta,
913 2301 1008 2366 Dent.
1030 2302 1051 2366 5

223 2384 320 2448 Heba.
342 2381 373 2458 4,
395 2382 425 2447 3.
452 2402 493 2444 ex
513 2385 566 2448 Pa.
590 2383 641 2459 95,
664 2384 713 2448 11.

307 2465 450 2550 Ideoque
480 2467 510 2532 2.
541 2489 601 2531 neo
628 2467 663 2531 in
683 2466 724 2534 N.
747 2467 786 2534 T.
815 2468 960 2553 ejusdem
985 2492 1051 2535 mar

223 2574 286 2615 aori
300 2552 403 2635 ‘facies
426 2574 502 2636 οριιε
525 2564 577 2619 etc.
599 2552 746 2639 repetitio
770 2564 880 2620 exstat.

307 2634 378 2734 Nea
405 2637 435 2702 3.
465 2635 534 2722 ipse
557 2635 704 2702 Christus
732 2638 837 2724 legale
865 2638 927 2703 hoo
948 2639 1051 2706 stricte

223 2731 368 2785 servavit.
969 2784 971 2789 .

306 2803 377 2870 Neo
395 2805 425 2871 4.
447 2806 584 2892 apostoli
597 2807 683 2873 idem
700 2807 910 2872 attenderunt.
942 2805 1051 2892 Neque

222 2889 321 2976 igitur
342 2890 383 2953 ad
404 2890 628 2957 ceremonialia
647 2892 726 2956 haee
746 2891 982 2977 adstringimur.

292 3004 387 3076 (Ratio
408 3014 430 3064 1.
448 3007 603 3062 desumitur
624 3025 642 3062 a
663 3007 726 3064 fine.
764 3007 837 3074 Quia
858 3007 968 3063 feriatio
985 3009 1015 3062 in
1033 3029 1051 3065 n

221 3074 292 3131 riam
305 3075 444 3130 servitutis
454 3076 497 3132 Ae
538 3076 647 3146 ptiaoae
661 3077 796 3145 instituta,
808 3079 889 3148 eujus
903 3083 963 3132 erat
1027 3096 1051 3133 u

221 3144 285 3216 typi
302 3143 471 3200 adventante
490 3093 599 3200 ὥστε)
611 3161 756 3203 evanuere.
790 3144 870 3210 Quod
888 3151 916 3200 et
934 3146 969 3200 de
987 3163 1003 3202 e
1023 3166 1051 3202 u«

222 3228 256 3267 ox
276 3212 320 3268 Ae
380 3217 410 3267 to
429 3212 503 3269 clare
519 3213 702 3285 praedictum,
721 3216 783 3269 Jsr.
803 3218 838 3268 46
866 3217 968 3269 1115.
1001 3222 1051 3271 tl

219 3229 380 3338 lationeglll
397 3281 431 3338 Τ.
450 3281 499 3337 ubi
517 3299 573 3337 non
592 3284 720 3354 repetita.
763 3281 833 3340 3.Α
877 3283 1001 3355 exemplo
1017 3283 1051 3340 cl
