2250 3772
275 260 327 325 De
349 270 433 324 statu
454 259 687 324 exinanitionis.
876 261 939 327 299

78 426 190 491 iristum
210 428 320 493 Deum
348 440 380 493 et
407 428 569 493 hominem
596 428 751 515 superatis
773 428 945 497 doloribus·

78 513 137 577 ortis
165 523 198 576 et
227 513 344 577 inferni
369 516 444 578 vero
472 524 504 577 et
532 514 659 578 realiter
679 514 720 577 ad
741 513 860 577 inferos
882 537 944 581 seu·

78 609 249 662 mnatorum
269 599 378 662 sedem
398 599 600 662 descendisse
624 596 810 683 simpliciter
833 600 938 686 credo,

78 682 153 746 iamsi
173 683 306 747 modum
327 684 498 747 descensus
520 685 614 768 hujus
636 683 790 769 ignorem.

106 799 237 864 (Infernus
257 801 287 854 in
300 800 443 871 Scriptura
460 800 598 870 accipitur
614 801 773 870 tripliciter:
794 805 816 856 1.
829 818 880 870 pro
900 802 940 856 rie

78 868 156 924 oloco
175 871 375 938 damnatorum,
394 874 461 922 Luc.
477 873 518 937 16,
539 873 594 935 23,·
611 870 691 926 Psal.
707 873 769 949 1339,
788 873 811 922 8.
840 876 863 924 2.
913 887 939 925 e-

78 935 171 1004 phorics
187 956 239 1008 pro
260 939 373 993 summis
395 938 535 993 doloribus
553 942 582 992 et
600 939 735 1009 angustiis
746 937 938 1008 infernalibus,

78 1006 137 1062 utu.
154 1011 215 1072 116,
232 1011 269 1072 3,·
287 1014 308 1061 1.
322 1007 397 1061 Sum.
412 1011 439 1074 2,
459 1011 483 1060 6.
515 1013 538 1061 3.
558 1006 614 1061 Pro
633 1007 787 1077 sepulchro,
810 1007 879 1062 Gau.
893 1012 938 1069 42,

78 1078 87 1124 t
114 1074 182 1129 Hinc
206 1076 403 1131 sententiarum
430 1077 465 1129 de
490 1075 542 1130 hoc
569 1075 686 1129 articulo
716 1075 842 1129 divortia.
880 1077 939 1131 Alu

78 1141 110 1195 im
132 1147 166 1198 de
192 1146 341 1213 sepultura
365 1145 598 1213 interpretantur,
623 1145 702 1196 Bezc
727 1145 757 1196 in
784 1152 839 1198 not.
868 1144 938 1201 Nov.

78 1214 148 1268 stam.
179 1215 277 1267 Actor.
302 1217 335 1273 2,
362 1216 406 1268 27.
439 1214 543 1269 Buces.
569 1213 598 1265 in
626 1213 730 1265 Marta.
756 1215 799 1265 27.
827 1212 939 1285 allegat.
1048 1180 1053 1189 ⁸

78 1278 167 1334 surm.
184 1282 203 1336 l.
223 1289 247 1337 4.
266 1282 299 1336 de
312 1281 413 1336 Christi
433 1282 513 1335 anim.
533 1297 558 1336 c.
579 1287 638 1336 9...t.
662 1288 682 1335 l.
702 1281 753 1334 col.
768 1286 824 1335 448.
838 1281 871 1337 Β,
892 1283 939 1336 ·At

78 1348 158 1404 iidem
175 1350 308 1404 articulus
326 1357 348 1404 1.
364 1351 410 1404 vel
427 1350 471 1403 bis
488 1350 609 1420 positus,
629 1349 674 1404 vel
691 1354 706 1403 2
765 1366 780 1401 r
799 1350 939 1405 obscurio·

78 1418 262 1473 ndeolarstus
286 1424 373 1487 esset,
395 1418 470 1489 quod
495 1427 588 1472 tamen
610 1417 640 1471 in
665 1435 725 1488 sym
747 1419 790 1471 olo
810 1419 862 1472 hoc
881 1424 939 1473 tam

78 1485 113 1538 uvi
128 1503 157 1541 sc
175 1488 323 1558 perspicuo
340 1487 446 1541 factum
464 1486 612 1542 verisimile
630 1503 686 1539 non
708 1492 758 1541 est.
793 1486 851 1542 Ubi
867 1488 939 1542 nibil

78 1550 135 1622 utu,
160 1556 236 1626 quod
263 1557 396 1610 articulus
420 1556 466 1609 hic
488 1556 517 1608 in
540 1555 664 1626 symbolo
684 1555 789 1609 Niceno
814 1556 938 1612 omissus.

78 1628 148 1676 utum
166 1625 240 1678 enim
264 1625 294 1679 id
322 1630 364 1679 est
387 1631 408 1680 1.
430 1624 496 1694 quia
511 1624 541 1677 in
560 1623 786 1693 disceptationem
805 1624 852 1679 ille
869 1643 938 1680 nun-

78 1704 119 1744 un
134 1698 256 1749 venerat.
290 1692 325 1750 ’2.
345 1693 499 1760 Eusebius,
538 1693 568 1745 ui
587 1693 704 1746 concilio
721 1692 787 1746 huic
803 1693 938 1759 interfuit,

78 1758 150 1815 udem
167 1762 261 1815 tradit.
279 1762 298 1818 l.
321 1768 342 1817 l.
362 1761 457 1817 histor.
477 1710 573 1816 eccles.
594 1777 617 1814 c.
642 1768 679 1815 14.
698 1778 726 1830 p.
747 1767 786 1816 15.
800 1760 833 1815 B.
860 1768 883 1817 3.
897 1764 939 1816 Si·

78 1824 133 1883 iliter
148 1836 176 1885 et
193 1830 352 1910 symbolum
370 1829 620 1911 Athanasii,uquod
638 1846 655 1881 a
673 1829 809 1909 catholica
820 1830 939 1908 ecclesia

78 1902 182 2043 tttt
199 1899 338 2037 ,tritt
356 1899 478 2022 lidi}
490 1898 876 2034 ttzatttttftttttt
893 1915 938 2022 t:

78 2043 139 2099 punt
162 2043 191 2092 et
212 2041 362 2106 exponunt.
404 2036 538 2090 Calvinus
556 2037 574 2089 l.
593 2041 617 2092 2.
634 2035 752 2089 institut.
772 2051 795 2089 c.
813 2041 851 2091 16.
870 2044 937 2092 sect.

78 2106 87 2152 l.
100 2108 132 2158 11.
148 2123 174 2175 p.
195 2111 254 2161 314.
290 2106 330 2158 At
355 2105 492 2159 cruciatus
519 2105 586 2159 istos
612 2102 737 2157 Christus
763 2104 849 2158 sensit
873 2111 939 2161 ante

78 2175 153 2243 ortem,
173 2175 279 2230 Maru.
292 2177 338 2241 26,
351 2177 392 2227 38,
412 2179 441 2228 et
458 2177 503 2240 27,
520 2177 567 2241 30,
585 2189 640 2226 non
659 2178 722 2242 post
740 2177 870 2242 mortem,
890 2174 939 2229 ubi

78 2238 125 2294 unia
138 2248 336 2311 consummata,
354 2244 459 2297 ιῙοΙιαπ.
472 2246 514 2308 19,
526 2245 581 2304 30,
602 2241 650 2294 ubi
668 2242 761 2295 anima
772 2241 851 2295 Patri
866 2259 939 2298 com·

78 2310 167 2379 sudata,
186 2315 256 2365 Luc.
278 2316 323 2378 23,
344 2315 386 2380 46,
405 2319 465 2365 erat
483 2311 512 2363 in
529 2309 672 2379 paradiso,
690 2310 759 2367 ibid.
779 2316 820 2378 43,
840 2328 940 2382 corpus

90 2381 253 2457 ttpulchrum
269 2380 391 2449 positum
409 2381 522 2450 quievit,
542 2379 609 2435 ibid.
624 2385 664 2434 53.
694 2379 751 2432 Alii
766 2381 807 2432 ud
817 2382 941 2434 animam

78 2440 140 2500 buti
155 2449 319 2502 descensum
337 2449 411 2502 hunc
428 2449 559 2503 referunt.
588 2447 749 2514 Martyrb
769 2446 799 2500 O.
820 2449 900 2503 class.
916 2456 938 2504 2.

78 2512 133 2569 tid.
148 2523 199 2572 art.
224 2536 252 2587 p.
273 2523 331 2572 222.
368 2519 408 2571 At
426 2517 454 2570 hi
473 2517 503 2570 in
520 2516 630 2570 eosdem
649 2533 713 2570 cum
733 2515 863 2586 proximis
881 2534 940 2571 sco·

78 2578 117 2636 llos
132 2584 300 2658 impingunt,
325 2592 384 2639 erat
405 2587 478 2640 enim
498 2586 591 2638 anima
616 2585 645 2638 in
668 2584 812 2654 paradiso,
836 2603 892 2640 non
910 2587 941 2639 in

78 2645 146 2706 temo.
181 2655 240 2708 Alii
264 2654 381 2725 denique
400 2655 488 2708 aliter.
521 2652 579 2708 Nos
601 2671 664 2707 cum
683 2656 742 2707 Du.
761 2654 885 2707 Luthero
910 2655 941 2708 in

78 2728 114 2774 ino.
128 2721 210 2780 habit.
228 2722 339 2793 Torgae
356 2740 429 2777 anno
446 2727 516 2777 1533.
535 2730 554 2776 t.
570 2728 594 2777 6.
611 2722 673 2776 Jen.
691 2739 776 2791 germ.
796 2721 844 2775 fol.
858 2729 899 2777 77.
912 2723 940 2778 b.

78 2785 116 2841 lt.
132 2797 156 2845 et
172 2793 219 2846 tib.
235 2791 374 2849 Concord.
395 2798 445 2845 art.
459 2797 482 2846 9.
501 2791 573 2843 bunc
593 2790 745 2844 articulum
763 2808 819 2842 uon
839 2800 940 2859 orpora

78 2856 242 2928 tsrrupulose
261 2862 442 2914 tractandum
462 2876 520 2912 esse
535 2859 704 2929 judicamus.
734 2857 844 2913 Sufficit
861 2859 941 2913 nobis

80 2914 173 2998 hristum
192 2929 382 3001 θεάνθρωπον
400 2930 436 2982 ad
453 2928 555 2982 inferos
574 2928 755 2982 descendisse.
786 2925 882 2981 Otiosa
900 2929 940 2981 in-

78 3000 120 3069 stu
133 2995 240 3068 ingenia
260 2997 496 3067 speculationibus
522 2996 578 3049 suis
596 2997 709 3050 modum
728 2996 875 3049 descensus
893 3013 940 3050 cu·

78 3068 137 3115 ltuus
152 3066 325 3143 investigent.
359 3066 415 3121 Hic
431 3065 506 3136 quod
529 3073 630 3136 agant,
645 3064 806 3130 invenient.)

98 3175 121 3244 l.
148 3186 209 3250 Cur
230 3199 333 3252 cirtem
359 3186 497 3251 Christus
520 3168 673 3250 descendit
694 3187 736 3248 ud
752 3181 893 3266 inferos?

125 3289 165 3357 Ut
181 3294 290 3360 inferis
312 3318 346 3359 se
371 3296 524 3360 victorem
538 3294 679 3376 Diaboli,
701 3292 818 3357 inferni
839 3293 942 3356 omni-
