2250 3772
428 239 480 303 De
502 255 642 325 peccato.
933 242 994 305 163

117 401 217 489 Spiritu,
237 432 301 474 non
323 421 428 495 potest
461 409 591 474 introire
613 408 647 471 in
666 431 799 494 regnum
822 409 993 486 coelorum,

116 493 179 572 quod
202 495 282 558 enim
313 507 421 558 statum
442 508 490 557 est
513 516 551 557 ex
583 516 694 578 carne,
725 516 798 556 caro
827 506 890 569 est,
919 496 994 562 ἱῙοΙι.

114 580 137 651 3,
152 581 174 646 5.
193 588 218 641 (⁵.
323 628 326 635 .

174 663 232 729 Per
253 688 354 728 unum
388 664 548 728 hominem
581 675 747 749 peccatum
779 663 811 725 in
838 664 992 727 mundum

114 745 217 826 intrat,
244 760 278 814 et
297 772 356 835 per
376 761 542 833 peccatum
568 771 671 824 mors,
700 760 732 812 et
760 747 805 811 ita
826 748 860 811 in
882 772 992 813 omnes

113 824 226 897 honines
247 857 334 898 mors
356 834 549 919 pertransiit,
570 836 661 898 Rom.
679 834 710 909 5,
731 833 779 895 12.

171 919 304 982 Eramus
326 941 435 982 omnes
457 932 569 982 nutrica
591 917 648 980 filii
670 917 745 993 irae,
766 917 846 980 sicut
868 931 898 980 et
922 941 994 983 cac-

112 998 161 1076 teri,
177 1005 290 1089 Epiros.
313 1008 343 1080 2,
365 1004 394 1068 3.
876 1000 880 1007 ’

171 1087 206 1151 ln
224 1087 446 1171 iniquitatibus
468 1099 627 1170 conceptus·
648 1110 728 1163 sum,
750 1098 781 1149 et
800 1087 834 1149 in
853 1089 993 1172 peccatis

111 1183 183 1235 conce
204 1173 227 1236 it
247 1196 300 1237 me
321 1184 422 1236 mater
443 1195 524 1248 mea,
545 1175 598 1236 Ps.
621 1172 674 1247 51,
697 1173 725 1234 7.

172 1195 249 1337 &uis
262 1259 418 1321 mundum
435 1257 524 1319 dabit
538 1256 577 1319 de
593 1256 782 1319 immundo?
803 1256 875 1319 Jot.
895 1257 945 1331 14,
961 1257 991 1319 4.

110 1421 115 1433 ,
160 1358 310 1437 (E'quibus
327 1366 413 1436 prius,
434 1383 492 1419 esse
509 1364 616 1418 scilicet
629 1372 776 1433 peccatam
795 1364 928 1432 criptam,
952 1366 992 1418 sic

109 1424 186 1486 fflfuo:
209 1452 318 1500 omnes,
339 1435 387 1505 qui
405 1452 474 1505 opus
493 1433 598 1487 habent
618 1433 755 1503 baptismo
781 1439 809 1486 et
831 1433 992 1501 moriuntur,

64 1510 67 1515 ·
111 1490 191 1556 habent
208 1511 331 1573 peccata.
367 1503 491 1557 Infantes
509 1519 579 1571 opus
597 1501 702 1556 habent
713 1506 765 1556 etc.
782 1501 870 1572 Ergo
888 1501 994 1557 habent

110 1575 208 1636 Peccata,
225 1572 258 1626 E.
278 1571 424 1626 habebunt
448 1577 497 1625 aut
521 1570 657 1638 actualia,
682 1576 731 1624 aut
751 1570 892 1641 originale.
928 1571 992 1626 Non

111 1637 220 1705 actualia,
250 1641 318 1710 quia
347 1641 535 1695 destituuntur
563 1657 616 1692 usu
638 1639 750 1693 rationis
779 1647 806 1692 ct
832 1640 992 1709 uoluntatis,

110 1702 162 1778 ipae
176 1714 237 1762 sunt
246 1709 361 1779 propria
375 1715 552 1778 peccatorum
564 1707 715 1761 actualium
730 1707 871 1778 requisita.
890 1707 921 1760 Ε.
939 1709 992 1762 ori·

109 1773 185 1833 dffllle.
204 1780 316 1832 Errant
332 1777 418 1848 igitur
436 1784 457 1832 1.
470 1776 630 1844 Pelopiam,
648 1776 704 1829 vid.
716 1778 837 1844 Accpust.
854 1776 891 1837 ad
905 1777 992 1846 quod-

109 1837 158 1916 vult.
172 1845 275 1903 haeres.
290 1852 333 1902 88.
354 1852 374 1902 t.
388 1852 411 1900 6.
430 1846 481 1900 col.
501 1851 541 1899 32.
552 1844 588 1898 D.
608 1851 636 1898 et
649 1851 690 1899 33.
707 1847 742 1914 A,
759 1845 881 1914 itemque
894 1846 992 1898 Photi-

110 1913 175 1980 aaut,
194 1917 298 1968 catccb.
316 1917 420 1969 Rccoo.
439 1914 474 1968 de
493 1913 540 1967 lib.
558 1913 638 1967 arbit.
655 1930 678 1966 c.
695 1921 731 1968 10.
746 1931 772 1982 p.
786 1919 844 1981 285,
863 1914 910 1983 qui
927 1930 992 1983 pcc-

108 1978 178 2046 ?liun
193 1983 308 2054 originis
319 2000 431 2054 prorsus
448 1988 560 2053 negant,
580 1986 634 2036 etc
649 1982 798 2061 Scripturis
812 1982 898 2035 astrui
910 2000 992 2050 posse

107 2041 246 2108 uficiantur.
284 2050 338 2108 Sic.
356 2053 422 2108 Jot.
444 2051 578 2115 Sommcr‘,
597 2050 631 2104 dc
646 2050 789 2119 justificat.
809 2068 837 2119 p.
850 2057 893 2118 40,
912 2051 991 2105 fabu-

107 2103 147 2167 llm
166 2121 361 2175 monachorum
390 2119 527 2187 nominat,
553 2124 648 2172 natam
678 2137 711 2173 ex
734 2136 820 2187 pravo
848 2118 991 2174 intellectu

107 2173 254 2255 Scripturas,
281 2197 309 2242 ct
330 2189 516 2260 excogitatam
542 2187 579 2240 ad
599 2187 803 2241 defendendam
831 2190 990 2270 paedobap-

106 2246 161 2306 tremi
174 2256 405 2327 superstitionem.
448 2256 526 2320 Quae
544 2256 695 2330 διαρρήδην
717 2256 808 2310 allatis
827 2258 990 2312 testimoniis

106 2326 227 2397 curiana.
252 2328 365 2379 Errant
385 2331 408 2379 2.
421 2326 577 2393 Zoinplias,
605 2325 652 2394 qui
669 2325 786 2378 velimus
805 2326 923 2380 nolimus
944 2328 992 2380 ad·

105 2393 192 2465 mittere
213 2413 264 2449 nos
291 2394 354 2465 cogi
377 2393 486 2457 scribit,
510 2399 657 2463 peccatum
678 2393 825 2464 originale,
849 2401 881 2448 ut
900 2401 942 2450 cst
962 2397 991 2449 in

103 2447 151 2510 tls
164 2462 257 2531 Adae,
277 2481 333 2517 non
349 2463 460 2532 proprie
480 2469 627 2533 peecatum
652 2479 722 2529 esso,
748 2462 796 2516 sed
820 2463 946 2518 morbum
964 2472 993 2520 et

104 2528 280 2599 mundonem,
301 2533 420 2597 confess.
445 2534 486 2584 ad
504 2532 608 2599 Impar.
629 2531 724 2584 Carol.
748 2536 799 2587 art.
818 2537 843 2587 4.
869 2551 897 2601 p.
917 2549 992 2603 oper.

104 2589 152 2673 Π
169 2605 224 2655 539.
259 2600 388 2670 Itemque
411 2600 428 2653 l.
452 2600 487 2653 de
506 2600 584 2669 bapt.
608 2604 690 2652 tract.
718 2606 740 2653 3.
767 2618 794 2667 p.
824 2606 864 2656 90.
891 2619 913 2654 a
942 2602 991 2656 ubi

103 2666 177 2721 ntum
195 2674 222 2722 et
239 2668 367 2723 morbum
384 2669 515 2737 nominat,
536 2668 584 2739 qui
600 2686 650 2736 pro
669 2669 752 2736 culpa
769 2673 797 2722 et
813 2677 928 2736 peccato
940 2670 990 2723 im-

104 2737 176 2791 putari
192 2743 321 2809 nequeat,
341 2741 483 2806 utcunque
503 2737 595 2807 gravis
619 2737 656 2790 sit
673 2742 701 2790 et
719 2737 840 2806 pestifer.
880 2737 931 2791 Cui
950 2756 991 2793 cr·

104 2799 183 2857 ¹01'lct
198 2807 410 2874 pontificiorum
428 2806 519 2874 aliqui
537 2806 755 2873 communicant,
772 2807 854 2871 Pipb.
875 2812 946 2860 cont.
968 2816 989 2864 l.

106 2858 240 2938 depcccat.
259 2874 328 2945 orig.
350 2873 494 2930 Cattoric.
514 2875 548 2928 de
565 2880 674 2944 peccat.
693 2875 761 2945 orig.
773 2891 796 2928 c.
812 2882 835 2928 6.
855 2875 909 2927 vid.
922 2877 990 2930 Bet·

108 2927 169 2993 lom,
184 2942 217 2997 de
237 2943 327 2996 arniss.
347 2943 461 3014 gratiae,
482 2960 505 2996 c.
527 2950 565 2998 15.
584 2949 605 3000 t.
623 2951 646 2998 4.
665 2942 716 2999 col.
737 2948 795 2996 380.
812 2941 848 2999 D.
866 2949 894 2996 ct
910 2960 934 2998 c.
951 2952 990 3001 16.

108 2999 124 3052 i·
137 3010 157 3060 4.
171 3012 218 3066 col.
238 3017 296 3066 387.
313 3012 347 3066 Β.
366 3011 521 3079 Posterius,
545 3014 576 3064 ia
594 3028 686 3065 omncs
699 3019 829 3078 posteros
844 3021 992 3133 peccatum

107 3062 144 3122 lle
163 3081 333 3149 propaparr',
360 3080 401 3133 sic
419 3079 532 3150 colligo:
565 3098 646 3135 omne
663 3079 788 3151 genitum
807 3079 843 3133 ha

110 3148 154 3192 ΜΠ
169 3147 316 3218 gignentis,
335 3148 428 3219 quoad
447 3149 630 3203 substantiam
650 3159 677 3203 et
700 3148 854 3202 accidentia
871 3152 990 3221 propria.

108 3199 138 3256 Al
149 3225 230 3271 omnes
246 3218 386 3271 nascimur
397 3235 431 3272 ex
442 3217 603 3287 parentibus
616 3216 750 3286 corruptis
767 3223 795 3270 et
808 3218 869 3274 reis.
889 3218 991 3274 Omnes

110 3282 159 3343 0¹8⁰
168 3297 196 3336 cx
207 3287 368 3356 parentibus
379 3285 519 3340 trahemus
531 3287 735 3356 corruptionem
747 3291 774 3340 et
785 3292 899 3341 reatum.
918 3288 991 3344 Dico

783 3379 823 3410 w

864 3086 892 3134 et
909 3087 990 3136 natu·
1044 3092 1046 3095 '
