2250 3772
429 232 482 297 De
504 242 646 318 peccato.
933 232 995 300 157

121 395 168 450 dol„
181 400 200 467 3,
214 403 252 454 44.
279 403 309 454 et
333 399 382 471 qui
405 399 553 454 committit
572 404 732 470 peecatum,
756 415 791 452 ex
808 398 928 454 Diabolo
944 406 994 469 est,

91 518 97 533 ,
119 464 197 520 idol.
211 471 237 537 3,
252 472 276 521 3.
294 468 328 523 Ε.
346 475 496 539 peecatum
512 487 568 523 non
585 474 627 524 est
645 486 663 522 a
674 468 745 522 Deo.
781 467 854 533 Quia
871 467 948 522 Deus
967 476 995 524 et

117 531 220 591 Damius
236 537 353 592 adversa
365 541 440 606 sunt,
459 541 486 591 2.
499 537 564 593 Cor.
579 541 605 606 6,
617 541 660 591 15.
678 540 745 590 Lao.
761 540 803 605 11,
817 539 863 590 23.
887 537 996 591 Nullos

116 616 163 675 ego
178 605 256 674 diost,
275 607 359 659 Deus
376 605 457 660 mobis
475 614 559 677 aalpr
577 607 717 660 maloram
734 612 785 673 est,
802 608 870 658 dam
883 622 933 658 neo
941 623 995 674 pa·

115 672 154 735 ad,
170 691 211 728 aee
227 675 354 729 vindieat
369 683 419 728 eto.
458 675 556 729 Satius
574 676 647 728 enim
672 674 763 739 faerit
780 675 930 728 sescenties
947 676 995 728 de·

109 741 165 820 [odi
179 760 256 811 pisam
268 746 364 797 Deam
375 744 478 797 audire
489 745 532 797 tol
539 745 545 756 ”
576 761 628 865 per
639 761 697 812 nos,
715 743 855 811 Ohryaost.
866 742 939 799 hom.
952 747 994 798 23.

114 816 196 865 asota
212 817 300 882 apost.
321 829 382 882 oap.
406 819 445 867 10.
465 816 486 866 t.
506 818 529 866 3.
548 829 599 867 oo.
619 818 676 868 604.
696 811 732 866 D.
751 828 808 881 seq.
847 813 995 866 Ermum

113 876 174 959 ip'vrr
188 880 318 936 haeretiei
334 880 444 936 Irenaei
462 887 600 950 tempore,
623 887 652 936 et
673 887 769 934 nostra
788 885 880 935 aetate
897 881 995 934 Liber·

114 948 154 1015 asi
169 949 211 1030 qni
221 950 315 1004 Deum
333 950 416 1003 etiam
428 949 570 1003 actionum
581 949 726 1017 malarum,
746 949 871 1020 adeoque
885 949 996 1019 peceati

113 1019 250 1071 dommum
274 1017 409 1072 scelerum
432 1034 545 1073 oausam
568 1023 597 1073 et
619 1024 743 1072 autorem
760 1017 921 1087 blaspheme
940 1023 996 1073 sta·

113 1086 203 1153 oront.
222 1088 301 1143 Iseo.
322 1087 429 1142 advers.
448 1087 553 1143 haeres.
572 1087 590 1142 l
611 1093 636 1144 4.
655 1103 679 1140 e.
699 1093 741 1141 47.
759 1103 787 1156 p.
803 1092 861 1142 233.
881 1104 956 1140 ιιιιιιι.
968 1093 993 1143 4.
1049 1098 1052 1109 ·

112 1151 209 1210 Proleol.
226 1156 246 1210 l.
268 1161 308 1209 10.
327 1155 360 1210 el.
380 1155 485 1210 haeres.
505 1162 528 1211 4.
553 1173 581 1225 p.
600 1161 659 1211 254.
676 1154 704 1209 b.
745 1154 816 1208 Cum
834 1155 935 1225 quibus
953 1154 995 1210 fa·

112 1220 194 1278 dante
212 1222 391 1278 Oaloioioeis
407 1224 468 1284 isti,
495 1223 542 1295 qui
565 1223 677 1294 oblique
701 1224 799 1279 saltem
817 1230 845 1278 et
861 1241 912 1293 per
930 1240 995 1278 oon-

112 1304 200 1360 soqrens
213 1292 331 1348 eandm
344 1292 545 1362 blasphemiam
560 1293 722 1361 defendunt,
742 1293 809 1346 dum
818 1291 910 1346 Deum
922 1293 995 1348 male

111 1368 311 1429 remanorum„
329 1377 386 1414 non
396 1361 560 1431 permissive
575 1366 692 1428 tantum,
711 1361 760 1416 sed
776 1360 911 1429 effective,
931 1361 994 1416 Sae-

112 1429 217 1490 eod'ain
230 1429 282 1484 loe.
302 1446 398 1484 comm
416 1447 445 1500 p.
462 1435 521 1486 233.
539 1448 595 1483 non
606 1434 717 1484 tantum
730 1429 925 1499 permittendo,
944 1431 994 1485 sed

111 1498 192 1564 agneo
207 1499 237 1552 in
254 1497 337 1552 nobis
352 1499 428 1552 mala
446 1515 557 1570 quoquo
575 1499 657 1553 modo
676 1499 807 1580 operari,¹
819 1498 943 1567 Martyr.
962 1498 992 1554 in

110 1566 219 1622 alJud.
232 1586 260 1638 p.
270 1572 312 1623 52.
343 1567 381 1622 Vi
398 1571 514 1622 actuosa
531 1572 560 1620 et
571 1566 711 1629 efferamini,
733 1569 867 1621 Theseus.
880 1568 991 1623 orthod.

105 1633 143 1695 fid
155 1634 171 1688 l.
189 1642 227 1690 15.
243 1635 314 1690 thes.
327 1641 350 1689 4.
368 1652 435 1706 pag.
447 1642 489 1690 57.
526 1635 638 1690 Movere
655 1637 792 1691 latronem
813 1636 850 1689 ad
865 1636 993 1691 oeoiden-

111 1697 162 1771 dum,
181 1704 354 1759 innocentem
372 1704 456 1759 etiam
477 1710 505 1759 et
522 1705 703 1775 imparatum
721 1705 855 1760 latronem
872 1704 924 1759 Dei
943 1705 993 1758 im-

109 1769 168 1835 pulsu
182 1773 321 1840 occidere,
344 1772 400 1826 imo
421 1779 562 1827 eoactumt
587 1774 707 1841 sz'apl.
731 1791 811 1828 serm.
831 1773 865 1827 de
883 1773 990 1843 provid.

109 1843 153 1895 ai.
171 1844 189 1896 a
208 1849 230 1896 1.
255 1841 275 1896 f.
295 1847 353 1897 366.
371 1858 395 1895 a.
441 1841 487 1896 Sio
509 1858 592 1912 agere
617 1843 708 1896 Deum
732 1858 783 1913 per
809 1841 994 1896 instrumenta

109 1907 171 1978 mala,
197 1915 228 1964 ut
254 1927 311 1964 non
337 1915 446 1964 tantum
474 1910 547 1964 sinat
568 1910 618 1964 illa
642 1927 739 1982 agere,
765 1926 817 1964 neo
835 1910 993 1964 moderetur

109 1983 224 2040 nomm,
244 1979 295 2033 ssd
312 1979 397 2033 etiam
415 1979 531 2047 excitet,
548 1979 688 2049 impellat,
709 1983 826 2046 moveat,
845 1983 933 2048 regat,
952 1985 993 2033 at-

109 2056 145 2110 quo
157 2048 228 2117 qnod
246 2047 368 2102 omnium
386 2047 536 2101 maximum
555 2056 605 2115 est,
623 2048 708 2103 etiam
726 2051 814 2112 creet,
834 2053 862 2101 et
876 2064 927 2116 per
945 2047 995 2102 illa
1084 2042 1088 2057 ¹

108 2119 160 2185 leat,
176 2116 250 2187 quod
261 2116 412 2185 constituit,
429 2116 515 2184 Besa,
533 2115 588 2170 vol.
604 2123 625 2171 1.
639 2134 666 2186 p.
680 2122 738 2171 373.
757 2115 824 2170 thes.
838 2121 879 2170 22.
898 2115 992 2170 Deum

107 2184 180 2251 mpios
195 2201 299 2265 arcano
316 2190 345 2265 et
363 2185 472 2265 opeulto
489 2184 571 2253 fune,
594 2184 720 2255 alioquin
743 2184 864 2242 nescios.
890 2184 927 2238 ad
946 2201 994 2240 eos

107 2243 255 2395 iiiiii?
268 2270 330 2376 {¹32¹
348 2258 621 2402 &aalide
644 2254 853 2401 {limile}
874 2252 993 2392 illle

106 2398 146 2443 sna
155 2390 207 2445 ullo
218 2408 269 2445 suo
281 2407 364 2444 sensu
377 2405 530 2460 pervemre.
555 2392 726 2445 Reooeolver.
736 2409 765 2444 m
775 2408 833 2444 aur.
844 2391 893 2444 sal.
904 2397 993 2447 caten.

107 2466 126 2533 ⁰¹.
137 2461 154 2511 3.
177 2477 203 2529 p.
226 2465 267 2514 32.
291 2458 384 2513 Deum
401 2465 496 2512 sancte
520 2460 556 2512 ad
575 2459 683 2530 flagitia
707 2459 861 2529 impellere,
886 2460 995 2516 Pisoal.

108 2519 186 2594 disput.
202 2528 323 2599 praefat.
343 2529 379 2581 de
397 2527 534 2597 praedest.
553 2544 618 2598 pag.
629 2535 659 2593 ὃς
680 2527 751 2582 vesse
771 2529 882 2596 malum,
901 2533 931 2582 et
948 2530 994 2584 de·

106 2604 192 2651 eernere
208 2597 327 2664 malum,
345 2596 397 2650 hoo
417 2600 459 2650 est
476 2603 639 2665 peecatum,
663 2595 693 2649 in
710 2614 836 2666 respons.
857 2598 898 2650 ad
916 2599 993 2665 apol.

105 2656 164 2718 Bet.
179 2682 204 2735 p.
224 2671 271 2733 483
288 2680 445 2735 procurare,
460 2681 488 2734 p.
507 2670 548 2719 49.
568 2670 616 2731 86;
632 2664 768 2734 impedire
788 2666 878 2719 Deum
898 2682 992 2746 repro-

104 2723 147 2795 los
160 2751 193 2787 ne
204 2734 327 2801 credant,
368 2739 453 2800 .116;
474 2733 511 2787 ad
528 2740 651 2803 peecata,
668 2749 740 2804 quae
751 2734 845 2804 palam
875 2733 992 2802 rohibet‚

102 2801 190 2857 mna
212 2802 323 2882 ratione
347 2751 473 2856 flamines
491 2802 529 2854 im
550 2802 632 2856 ellere
656 2821 683 2882 p.
710 2809 765 2857 144.
803 2752 884 2857 Velle
901 2802 993 2857 Judae

104 2868 234 2935 (prodentis
253 2869 404 2936 Christum)
430 2887 500 2923 ous
536 2871 608 2925 uisse
625 2871 680 2925 Der
703 2889 730 2952 p.
754 2877 810 2925 144.
847 2870 994 2940 Reprobos

102 2934 353 3007 dimotionem,
372 2943 401 2993 et
417 2956 435 2992 a
475 2955 572 2993 causas
591 2939 775 2993 damnationis
794 2956 854 2993 esse
872 2938 993 2993 destina·

99 3006 132 3059 ios
146 3013 171 3062 st
183 3014 302 3076 creatos,
319 3012 353 3061 nt
369 3007 454 3077 impie
471 3008 581 3075 vivant,
597 3013 626 3062 et
643 3013 676 3061 ut
693 3008 750 3062 sint
765 3024 834 3061 vasa
850 3008 934 3076 plena
951 3006 992 3062 fe-

96 3072 162 3129 cibus
178 3081 366 3146 peecatorum,
383 3076 416 3130 R.
433 3076 470 3130 ad
491 3077 593 3146 disput.
612 3077 648 3130 D.
665 3076 758 3132 Tauff.
774 3093 840 3146 pag.
854 3082 896 3132 47.
926 3075 991 3130 Em-

97 3140 205 3200 blsmata
212 3145 351 3215 ejusmodi
362 3146 444 3215 plura
455 3144 519 3200 vide
531 3145 607 3215 apud
619 3148 659 3198 D.
674 3145 759 3214 δέρω.
769 3144 880 3198 refutat.
893 3144 993 3200 Irenio.

86 3214 435 3352 ἶρεοθιέὲιιιόηρῑηῗιῗιὲῗέ
458 3216 647 3336 &ew
660 3213 784 3337 1'otqloflls
795 3213 994 3339 lilpsgpipp

424 3322 430 3346 r
545 3324 551 3336 ·
587 3322 594 3351 ι
650 3325 656 3337 ·
738 3322 746 3351 ι
785 3320 793 3339 ·
851 3323 857 3336 ·
917 3323 926 3353 s
982 3312 994 3324 '

1032 3328 1104 3548 l
