2250 3772
438 257 491 321 De
513 256 646 341 angelis,
934 256 999 321 223

118 418 216 494 eliaeque
234 424 342 479 bestiae
362 431 519 480 'venenatae
542 423 700 478 hominibus
727 423 826 477 noxiae
849 430 923 477 sunt.
961 423 997 476 Id

117 488 227 547 cninnon
237 492 364 561 creatori,
382 494 431 548 sed
445 493 537 563 lapsui
549 493 743 562 imputandum
756 498 805 546 est.
830 493 997 562 Quanquam

119 557 184 614 ethic
199 562 270 632 quod
287 562 337 616 uni
356 567 447 630 nocet,
466 562 546 616 alteri
557 563 678 632 prodest,
698 568 726 616 et
738 578 876 615 venenum
889 577 998 614 veneno

118 635 209 684 maur.
234 631 278 685 De
296 647 383 685 causa
420 632 509 686 eccati
526 648 611 701 supra
631 630 757 684 diximus.
785 630 819 685 V.
831 629 909 683 Finis
920 645 996 684 crea·

117 693 177 777 lionis
190 706 230 753 est
248 699 361 780 duplex,
399 649 529 754 Summus
553 701 611 754 sive
635 698 810 769 principalis,
838 699 894 753 Dei
910 697 1000 769 ipsius

118 762 187 831 gloria
219 767 320 823 Omma
345 767 481 838 siquidem
506 768 632 823 Jehovah
656 775 786 837 operatus
816 772 858 822 est
883 773 998 837 propter
1059 768 1069 785 ¹

117 835 280 911 temetipsum,
297 838 382 890 Prov.
401 841 444 901 16¹,
465 841 489 901 4,
513 847 544 891 ut
561 837 690 890 nimirum
712 845 732 892 l.
752 837 919 891 elucesceret
938 852 995 889 ma-

114 908 179 967 reon
192 907 249 975 ejus
272 909 301 959 et
324 905 525 976 omnipotentia
543 923 576 961 ex
595 923 640 974 eo,
669 905 745 976 quod
763 906 856 959 omnia
873 904 997 974 omnipo-

115 970 166 1047 teni
179 991 223 1029 suo
237 974 324 1029 verbo
341 992 375 1029 ex
391 973 477 1029 nihilo
494 975 627 1037 condidit,
649 978 693 1031 Ps.
710 980 768 1040 148,
787 980 812 1027 5.
845 980 868 1028 2.
881 973 996 1043 Sapien-

116 1038 153 1116 ἵζε,
168 1042 233 1111 quod
250 1048 310 1097 tam
327 1043 493 1112 multiplicia
510 1048 568 1097 tem
581 1043 655 1097 bono
673 1043 770 1097 ordine
787 1049 815 1096 et
830 1061 883 1096 usu
902 1042 998 1097 condi-

116 1102 153 1175 ld,
166 1112 257 1180 Epiros.
272 1114 299 1175 3,
313 1117 357 1167 10.
396 1120 419 1167 3.
438 1112 561 1181 Just-itia,
579 1113 654 1183 quod
673 1113 770 1166 eadem
788 1112 873 1165 etiam
891 1116 997 1165 susten·

116 1176 185 1253 {stet
199 1179 293 1234 divina
310 1198 362 1235 sua
377 1182 552 1251 providentia
570 1181 716 1251 gubernat.
743 1187 767 1235 4,
778 1180 903 1248 Bonitas,
921 1179 996 1250 quod

116 1244 188 1301 ntem
203 1249 293 1302 omnia
311 1249 467 1304 neccssaria
485 1250 670 1304 communicat
688 1255 740 1305 etc.
772 1249 850 1303 Finis
871 1248 996 1303 subordi-

116 1316 175 1368 mtns
190 1322 230 1372 est
246 1318 389 1372 hominum
409 1317 506 1382 corula
524 1320 582 1373 vita
600 1318 674 1373 felix.
704 1319 810 1371 Factus
829 1318 903 1372 enim
915 1318 996 1370 lonso

112 1392 202 1450 mmm
210 1389 310 1455 Deum,
323 1396 349 1440 et
358 1396 478 1457 propter
490 1389 627 1440 hominem
640 1389 767 1440 mendam.
795 1388 888 1440 Homo
893 1389 998 1454 sactus

116 1456 149 1518 tvl,
163 1462 188 1506 ut
203 1458 266 1509 Deo
283 1457 407 1524 nesciret,
420 1465 540 1525 propter
560 1475 639 1526 quem
649 1459 751 1524 factito
771 1464 818 1518 est,
838 1464 864 1509 et
877 1457 997 1508 menduc

98 1516 184 1581 issem
204 1534 255 1592 est,
279 1533 311 1577 nt
327 1526 443 1578 serviret
463 1526 583 1591 laomim,
599 1534 718 1594 propter
734 1543 814 1593 quem
824 1528 927 1593 sactus
948 1532 996 1576 est.

114 1583 177 1657 Ηῑιρο
192 1595 226 1646 de
246 1602 335 1646 sanct.
352 1593 421 1648 Vict.
434 1593 469 1648 de
481 1611 550 1648 sacr.
562 1594 610 1647 fid.
622 1594 670 1648 lib.
688 1601 708 1648 l.
720 1599 791 1663 pert.
807 1600 831 1648 2.
852 1611 877 1650 c.
893 1599 918 1648 4.
937 1597 958 1646 t.
971 1598 995 1646 3.

113 1663 194 1773 lim
212 1660 241 1715 C.
279 1662 406 1731 Itemque
424 1664 555 1719 Laetam.
573 1662 638 1732 epit.
660 1680 683 1716 c.
705 1669 744 1717 10.
763 1681 791 1732 p.
811 1669 869 1717 405.
888 1667 917 1716 et
934 1667 994 1716 406.

132 1735 193 1781 acm
209 1749 227 1782 a
243 1732 309 1783 Deo
326 1733 454 1796 mundus,
476 1741 506 1785 ut
523 1733 647 1784 homiues
664 1741 861 1796 scommatum
878 1748 997 1783 nascun-

113 1794 239 1869 {tracum
250 1800 384 1867 homines,
403 1808 435 1852 ut
446 1806 537 1854 Deum
546 1809 660 1870 patrem
674 1809 836 1868 agnoscant,
854 1808 883 1853 ut
892 1799 998 1867 colant,

113 1872 134 1910 ΙΙ
147 1880 190 1931 quo
202 1869 318 1936 justitia
337 1876 384 1921 cat.
425 1869 536 1938 Colunt,
553 1878 583 1922 ot
600 1871 754 1922 mercedem
773 1868 996 1922 immortalitatis

112 1934 242 2002 Μ’ρίαπις
263 1938 406 2005 accipiunt
424 1938 672 2006 immortalitatem,
690 1946 721 1990 ut
734 1939 764 1989 ie
776 1946 917 1990 aeternum
931 1939 996 1989 Deo

112 2004 215 2073 Quium.
249 2005 309 2060 Ubi
326 2013 393 2058 note
414 2012 437 2061 1.
457 2006 561 2074 Deum,
581 2006 689 2062 etiamsi
705 2006 838 2059 mundum
855 2022 911 2058 non
932 2022 995 2059 con-

112 2059 194 2126 lhlerit.
207 2074 236 2127 in
248 2074 339 2143 seipso
351 2073 529 2128 nihilominus
540 2076 724 2129 sufficientem
736 2079 765 2127 et
774 2074 888 2128 beatum
900 2074 996 2141 fuisse,

111 2144 148 2211 Ψ
162 2141 254 2196 nllare
271 2142 433 2212 indiguisse.
465 2149 487 2198 2.
503 2144 585 2208 Quod
606 2144 739 2197 mundum
759 2144 841 2197 citius
858 2161 913 2198 non
931 2159 996 2197 con-

111 2196 174 2273 unt,
190 2210 293 2265 factum
313 2216 369 2279 eet,
413 2212 459 2265 uia
478 2213 575 2267 noluit.
613 2218 636 2266 3.
655 2212 685 2268 si
704 2212 815 2283 quaeris
840 2212 908 2284 quid
929 2217 997 2266 ente

111 2276 182 2357 muntii
206 2279 373 2334 creationem
392 2230 518 2336 lecerit?
548 2282 702 2350 respondeo
730 2298 793 2335 cum
816 2282 996 2351 Auqmtmo:

110 2350 187 2415 mtto,
204 2352 283 2417 quod
301 2350 405 2418 nescio,
424 2350 472 2403 lib.
488 2357 526 2404 11.
545 2350 617 2405 conf.
635 2366 659 2405 c.
675 2356 714 2405 12.
735 2358 755 2404 t.
770 2355 792 2404 1.
813 2352 865 2405 col.
882 2356 937 2406 190.
952 2348 996 2416 0.)

249 2461 278 2525 3.
309 2459 502 2546 Quotuplices
525 2476 595 2527 sunt
616 2485 665 2525 res
687 2462 828 2527 creatae?

172 2558 340 2648 Duplices:
364 2564 392 2629 1.
408 2565 581 2646 invisibiles,
606 2576 641 2626 ut
656 2564 762 2648 angeli
784 2587 841 2628 seu
856 2565 995 2652 spiritus.

109 2626 131 2729 2:
146 2638 284 2725 Visiones,
305 2659 342 2711 ut
364 2659 525 2711 creaturae
547 2648 644 2713 totius
666 2648 760 2732 hujus
782 2650 921 2714 universi
945 2672 998 2713 re-

109 2708 198 2803 hqme.

388 2833 452 2896 DE
475 2830 690 2898 ANGELIS.

293 2934 321 2998 1.
352 2931 436 3011 Quid
455 2936 550 3018 igitur
572 2948 643 2999 stent
664 2934 785 3019 angeli?

173 3035 280 3117 Anyeli
294 3045 368 3096 sunt
383 3033 512 3117 spiritus
528 3034 618 3112 finiti,
640 3036 864 3121 intelligentes,
886 3059 906 3099 e
921 3036 994 3100 Deo

109 3096 174 3189 boni,
187 3116 275 3199 justi,
297 3119 408 3195 sancti,
430 3130 576 3203 potentes
598 3121 733 3197 conditi,
756 3134 791 3184 ut
812 3122 921 3189 Deum
943 3143 995 3186 ce-

109 3188 223 3344 iiient’
251 3203 372 3267 homini
405 3203 594 3299 inserviant,
628 3219 659 3269 et
688 3219 817 3270 aeterna
844 3206 995 3273 felicitate

162 3296 236 3350 ntur.
