2250 3772
106 262 172 328 550
271 260 384 381 scapm
405 264 447 330 V.
490 263 542 328 De
562 285 663 327 coena
682 263 856 328 dominica.

106 429 171 493 Dei
193 445 402 517 assumptum,
423 443 455 496 et
476 454 534 518 pro
555 431 649 494 nobis
671 431 706 494 in
721 443 859 495 mortem
871 429 1002 494 traditum

107 526 173 591 est,
204 517 318 582 Martis.
339 518 391 601 26,
414 519 473 593 26,
507 516 651 580 similiter
683 538 779 580 verus
810 526 842 580 et
867 514 1001 578 naturalis

107 600 254 686 sanguis,
281 601 336 684 qui
364 601 397 664 in
426 601 647 665 remissionem
667 611 876 687 peccatorum
894 612 1001 666 nostre

105 707 177 748 rum
193 685 228 748 in
252 709 307 749 ara
328 686 430 750 crucis
452 686 572 750 effisos
594 696 652 761 est,
673 687 788 749 Mattio.
812 687 864 770 26,
883 686 934 751 28.

175 801 329 868 (invariata
346 802 420 857 enim
434 810 499 857 sunt
514 803 601 858 verba
618 802 816 857 institutionis:
834 805 888 857 hoc
905 810 946 857 cst
956 819 1002 855 eor·

102 888 159 940 pua
177 887 280 935 navim,
300 874 377 941 quod
389 889 448 940 pro
465 873 542 925 nobas
559 872 698 940 traditam,
716 888 790 953 quae
808 872 959 943 descriptio
973 874 1005 924 est

105 939 164 993 veri
182 939 256 992 illius
275 941 413 1010 corporis,
439 946 481 994 et:
506 941 551 994 lic
569 949 609 994 eat
627 958 747 1008 scapum
763 957 843 995 meus
862 942 900 996 N.
920 942 951 998 T.
967 937 1004 1009 qui

101 1008 462 1148 ffirttlbltt‘llt‘
486 1009 1004 1149 werebetti-litem

106 1162 198 1199 crasse
216 1145 250 1199 de
270 1147 388 1216 mystico
407 1163 521 1216 corpore
540 1146 615 1216 quod
641 1152 684 1201 est
711 1146 846 1213 ecclesia,
869 1119 917 1202 vel
934 1147 1003 1216 impe

104 1213 159 1268 rite
176 1214 212 1267 de
229 1215 324 1284 typico
343 1221 371 1270 et
387 1214 506 1286 figurato
520 1231 635 1285 corpore
654 1219 683 1268 et
694 1214 833 1285 sanguine
851 1215 1004 1285 intelligunt

105 1282 173 1338 Vid.
190 1284 268 1336 Beze
288 1283 323 1336 de
334 1301 364 1338 re
381 1289 544 1338 sacrament.
563 1284 617 1337 vol.
641 1290 662 1340 1.
680 1299 746 1354 pag.
761 1289 822 1342 208.
847 1284 935 1349 Quasi
952 1298 1003 1337 vcro

105 1352 151 1405 vel
173 1351 321 1420 mysticum
346 1353 391 1406 vel
414 1353 540 1422 typicum
566 1369 667 1432 corpus
689 1369 739 1422 pro
757 1351 841 1406 nobis
856 1353 888 1407 in
905 1357 1003 1407 morton

103 1419 259 1474 traditum?
289 1421 374 1485 Quasi
393 1421 504 1492 typicus
523 1438 635 1502 sanguis
654 1438 705 1490 pro
716 1418 799 1474 nobis
810 1421 841 1475 in
853 1438 935 1476 cruce
948 1417 1002 1474 effu·

105 1487 173 1541 sus?
210 1487 256 1543 Sic
273 1496 302 1542 et
321 1490 411 1559 passio
429 1490 538 1560 typica,
560 1507 600 1544 src
623 1497 652 1543 et
675 1489 812 1544 redemtio
831 1490 941 1561 typica,
961 1487 1002 1541 hoc

104 1561 154 1623 est,
171 1557 249 1610 nulla
268 1558 348 1612 foret.
382 1558 440 1614 Ubi
458 1567 527 1612 nota
547 1565 569 1612 1.
586 1557 685 1612 verba:
711 1575 817 1626 corpus
833 1560 912 1627 qaod
926 1554 1000 1612 trudi

104 1633 159 1689 tm,
177 1634 274 1681 notare
292 1627 443 1695 materiam,
461 1636 490 1681 et
507 1626 629 1696 corporis
648 1625 758 1691 Christi
768 1627 930 1694 veritatem,
944 1625 999 1678 haec

105 1710 184 1748 vero:
226 1713 260 1748 ro
277 1697 365 1762 nobie,
386 1703 482 1749 notare
499 1712 611 1749 causam
627 1694 739 1749 finalem
754 1699 783 1749 et
802 1694 999 1765 applicationem

105 1780 156 1832 per
175 1713 267 1818 talem.
308 1770 332 1821 2.
345 1764 454 1819 Verba:
473 1765 523 1833 qai
540 1762 657 1833 scapeia
672 1781 729 1832 pro
742 1765 840 1816 multia
853 1764 997 1839 effunditur,

104 1848 160 1885 non
176 1833 347 1903 distinguere
366 1833 530 1902 sanguinem
554 1832 672 1886 effusum
692 1848 710 1885 a
725 1850 781 1887 non
800 1832 891 1887 effuso
910 1832 961 1886 sive
975 1846 997 1881 in

104 1902 182 1955 venis
196 1907 316 1968 retent03
335 1903 473 1972 loquimur
484 1918 605 1972 namque
617 1902 652 1956 de
666 1901 824 1970 praesentia
836 1901 893 1954 vivi
905 1896 996 1955 Christi

102 1969 219 2093 ISzcimu}
242 1972 332 2108 e9an,
368 1971 442 2053 quod
473 1987 546 2025 mors
576 1970 602 2025 ei
631 1969 704 2023 ultra
735 1987 791 2024 non
822 1967 997 2028 dominabitur,

131 2057 182 2093 om.
219 2080 226 2109 ‚
267 2080 272 2092 .

105 2191 156 2256 25.
198 2190 303 2269 Quare
324 2217 436 2278 corpas
463 2206 491 2257 et
512 2195 638 2277 sanquis
665 2193 781 2258 Cariati
802 2196 942 2256 dicuntur
958 2209 995 2252 rer

315 2280 451 2340 coelestes·
474 2301 583 2340 coenae
605 2276 795 2340 dominicae?

190 2395 265 2458 Non
286 2394 373 2477 quod
393 2395 426 2457 in
443 2394 532 2459 coelo
547 2405 671 2458 tantum
685 2395 757 2478 sint,
779 2395 838 2459 sed
853 2395 927 2479 quia
939 2414 994 2458 coe·

107 2479 179 2544 lesti
208 2490 241 2544 et
270 2480 364 2565 plane
391 2480 596 2543 inenarrabili
624 2479 719 2543 modo
742 2478 776 2542 in
797 2502 839 2545 ss.
861 2503 954 2544 coena
970 2476 994 2540 in

105 2567 154 2629 his
177 2566 268 2629 terris
289 2564 471 2649 praesentia
493 2565 608 2628 adsunt
631 2576 663 2627 et
683 2565 914 2650 percipiuntur.

175 2685 233 2751 (Sic
261 2683 347 2753 igitur
373 2683 503 2736 dicuntur
525 2683 561 2736 ab
584 2683 715 2751 adjuncto
738 2684 914 2752 praesentiae
930 2678 995 2735 modo

105 2753 232 2818 coelesti,
261 2754 308 2822 qui
327 2759 369 2806 est
387 2752 564 2823 singulariter
581 2751 714 2804 mirabilis
732 2759 761 2805 et
779 2752 939 2807 mirabiliter
954 2749 995 2802 sin·

144 2822 218 2877 laris.
250 2821 384 2891 Alioquin
402 2821 425 2873 si
444 2837 491 2883 eo,
512 2821 587 2890 quod
610 2820 638 2872 in
657 2819 733 2874 coelo
755 2825 862 2889 essent,
882 2820 995 2875 coelestes

126 2891 270 2953 merentur,
289 2891 318 2943 in
335 2890 424 2960 prima
441 2889 554 2942 Domini
572 2906 665 2948 coena,
686 2894 877 2968 quotempore
890 2888 996 2966 Christut

104 2961 228 3013 nondum
246 2958 275 3012 in
296 2959 403 3014 coelum
421 2959 592 3025 ascenderat,
611 2957 741 3011 coelestes
760 2956 816 3011 dici
836 2975 892 3011 non
911 2962 996 3027 potua·

105 3036 174 3083 sent.
210 3028 248 3081 Et
263 3029 302 3082 sic
321 3044 408 3082 coena
426 3027 589 3096 imperfecta
608 3031 636 3078 et
653 3041 761 3092 manca,
780 3025 837 3080 imo
854 3027 930 3080 nulla
944 3023 996 3078 fuir

103 3104 162 3220 zap,
188 3097 262 3201 quia?
277 3097 428 3167 praecipua
451 3100 530 3165 parte
553 3093 729 3148 substantiali
754 3094 889 3150 dantum
908 3094 998 3149 fuiss&

151 3170 273 3232 sonum.)
