2250 3772
111 113 175 179 442
247 110 353 199 Caput
372 109 434 176 HL
476 109 529 174 Dc
552 107 695 173 oratioue
715 108 882 174 dominica

198 284 226 349 1.
246 280 286 345 In
306 280 434 345 nominc
450 278 579 347 Christi
613 279 731 357 Amen,
751 278 860 343 Amen
875 275 1019 343 diccto‘

110 365 183 466 bis,
207 365 360 467 quicquid
384 364 539 512 petieritis
571 365 701 429 Patrem
727 363 763 427 in
789 361 914 429 nominc
928 380 1021 439 tow,

110 451 199 515 dabrt
217 452 320 529 vobis,
340 453 383 513 Jo
406 504 413 518 .
439 451 488 535 16,
510 451 569 535 233
590 450 664 516 Jot.
689 451 737 534 14,
761 449 811 514 14.

180 568 225 636 tin
242 568 352 624 nominc
371 567 473 622 Christi
489 566 623 638 petimus,
644 566 755 637 quando
773 583 831 620 nou
847 570 950 619 nocuas
958 558 1006 642 ju:

110 639 202 694 stitiac
221 643 250 692 et
266 638 408 707 operibus,
432 636 482 690 sed
504 637 601 690 merito
624 641 654 691 et
670 633 798 705 iustitiae
813 632 898 689 solius
914 630 1011 687 cmm

108 706 267 762 mediatoris
285 705 456 762 confidimus.
478 710 506 760 et
527 706 564 759 ob
580 704 650 760 haec
663 702 881 759 miscricordiam
896 698 945 757 Da'
955 696 1004 769 h·

109 775 212 829 militer
229 775 421 845 imploramus,
445 775 570 855 exemplo
588 773 712 829 Danielis
732 789 793 842 cap.
814 778 840 833 9,
864 774 903 828 18.
920 773 946 825 ct
957 780 1003 837 pt·

108 843 220 905 blicani.
238 847 307 898 Lac.
328 847 366 911 ta,
385 845 429 899 13.
464 843 589 897 christus
610 843 683 897 enim
700 841 777 895 solus
795 846 823 897 ct
836 856 908 895 unus
922 840 1005 893 mair

109 918 151 968 est
169 913 339 979 intercessor,
355 929 405 982 per
422 928 504 981 quem
522 910 680 965 accedimus
698 926 761 965 cum
779 908 893 973 fiducia,
909 904 994 975 Epist.

108 984 136 1049 3,
154 984 199 1050 12,
219 988 247 1036 ct
266 981 417 1034 clamamus
433 980 508 1034 abba
528 980 621 1049 Pater,
638 981 719 1035 Rom.
735 986 760 1046 a,
778 982 823 1041 tt,
841 978 872 1031 in
889 991 940 1046 quo
953 988 998 1027 cn·

107 1049 368 1174 ?eq1pmmffsflonm
388 1065 470 1171 amqn
481 1056 514 1173 lct
532 1048 623 1173 itn,532.
631 1049 735 1171 gealt,
745 1050 792 1103 20.
827 1040 1006 1167 Reum

108 1160 192 1255 didit,
207 1137 240 1241 ltili
252 1135 434 1240 tricliniaria
445 1160 474 1239 tic
487 1162 513 1239 e't
524 1135 740 1268 dalwdqitmcd
748 1131 912 1238 ammei.
939 1176 998 1233 Na

107 1258 154 1311 ias
174 1257 246 1310 caim
264 1255 374 1309 accedit
392 1258 433 1308 ad
449 1254 575 1319 Patrem,
593 1255 651 1308 ataa‘
662 1270 718 1337 per
735 1252 854 1314 Filiam,
868 1268 921 1320 per
935 1260 1009 1318 qm

110 1326 308 1379 adductionem
327 1324 459 1379 tutemus
471 1327 512 1377 ad
522 1325 640 1377 Patrem
656 1342 686 1377 aa
703 1322 816 1391 spiritu,
833 1327 866 1373 at
881 1318 1006 1393 serapt*

109 1402 158 1450 eat.
197 1394 268 1446 Ideo
292 1409 322 1445 ac
342 1399 457 1460 portam
480 1401 506 1446 ct
531 1394 606 1446 viam
630 1392 768 1461 appellat.
811 1388 899 1457 Quia,
917 1382 1006 1455 aad.

108 1478 187 1515 acmo
205 1462 280 1515 venit
298 1463 338 1514 ad
354 1462 484 1529 Patrem,
506 1462 563 1515 aiei
574 1478 630 1530 per
653 1477 705 1517 mc.
742 1458 868 1513 Nomia
936 1460 1009 1507 att*

107 1530 202 1584 th'aa
221 1537 247 1583 ct
264 1532 344 1583 Dana
365 1537 420 1589 eat,
442 1546 501 1583 aaa
518 1548 580 1583 cnm
599 1530 688 1584 Patre
706 1529 785 1582 nobis
804 1529 878 1597 boae
923 1526 1010 1593 apti?

107 1607 157 1653 etc.
179 1599 209 1651 ia
228 1607 362 1667 quanta-m
385 1616 451 1653 vcro
476 1600 616 1653 mediator
632 1606 682 1666 ,cst
698 1606 724 1651 et
761 1597 872 1664 ontifcc
888 1602 914 1647 ct
925 1604 1003 1663 pm·

107 1669 208 1730 cletus,
236 1674 349 1721 nostras
376 1684 476 1737 praeca
499 1670 540 1721 ad
561 1669 677 1722 Patrem
744 1666 830 1719 ducit.
878 1662 925 1719 sa
943 1672 1006 1726 stov

108 1744 171 1791 orat
190 1754 255 1806 pro
273 1737 379 1789 achia
398 1738 575 1789 utaaccrdoa
596 1743 699 1804 noster,
720 1743 784 1788 orat
801 1734 837 1787 s'a
854 1728 1002 1793 notia&

107 1814 194 1928 caprprt
206 1814 339 1929 egbatrtutq,
357 1807 628 1940 οτῖιιτξςῖαέςύἰε,
645 1812 675 1858 at
685 1807 766 1858 Daca
776 1809 881 1867 nostor,
897 1798 1003 1866 Anad-

106 1892 136 1928 m
176 1891 197 1927 s.
252 1916 258 1927 .
293 1917 299 1929 .
336 1890 410 1929 .co.
482 1917 487 1929 .
525 1912 532 1927 .

191 2013 220 2078 2.
243 2011 281 2075 In
302 2033 377 2075 vera
398 2011 469 2078 fide.
512 2011 733 2093 Quaecunque
755 2007 925 2094 petieritis,
943 2021 1005 2068 cra·

110 2095 221 2159 dentes
243 2095 413 2181 accipietis,
435 2098 546 2164 Mettis.
569 2096 621 2171 21,
643 2095 693 2161 22.

177 2210 293 2277 (Nititur
321 2218 414 2265 autem
441 2210 510 2265 fides
548 2217 569 2267 l.
599 2218 675 2267 certo
707 2210 793 2265 verbo
840 2198 997 2263 remissioris

107 2284 130 2334 2.
150 2278 282 2359 Potentia
299 2285 328 2334 et
343 2279 460 2333 veritate
477 2280 531 2334 Dei
549 2280 742 2350 promittentis.
772 2283 797 2332 3,
817 2226 997 2391 fiiusdcmq*

107 2354 188 2403 tcrna
205 2348 393 2402 misericordia
413 2354 440 2403 ct
457 2349 601 2418 sapientia.
633 2355 657 2405 4.
676 2348 775 2402 Merito
788 2345 900 2402 chnstt
927 2341 997 2420 Fi*

107 2425 199 2471 antem
218 2433 281 2471 cum
300 2417 336 2470 sit
355 2417 458 2472 donum
468 2417 587 2488 Spiritus
605 2417 707 2478 sancti:
726 2416 749 2470 is
767 2430 833 2471 vero
844 2406 1000 2481 nonhabtstff

104 2484 134 2540 in
152 2485 245 2539 anima
262 2485 385 2556 peccatis
404 2486 524 2555 polluta.
547 2481 673 2541 discedat
696 2501 809 2540 necesse
826 2488 869 2539 est
886 2482 920 2537 ab
935 2485 998 2533 σιω

105 2554 259 2625 iniquitate,
280 2555 327 2624 qui
339 2555 400 2608 vult
409 2554 537 2610 invocare
551 2572 650 2610 nomen
664 2554 786 2617 Domini,
803 2556 831 2607 2.
843 2552 911 2607 Tim.
921 2540 997 2615 2111)

191 2676 220 2741 3.
243 2674 428 2739 Indubitata
456 2675 560 2739 cordis
587 2675 703 2739 fiducia
729 2674 853 2756 absque
879 2664 996 2737 hassin-

105 2759 190 2823 tionc
217 2771 248 2823 et
277 2759 483 2824 dubitatione.
527 2758 593 2840 Qui
615 2761 700 2825 enim
721 2758 874 2835 haesitat,
893 2746 997 2821 nihil·

103 2844 242 2909 Domino
267 2844 400 2929 accipit,
420 2847 491 2911 dac.
517 2848 545 2929 1,
565 2847 596 2922 6,
619 2860 649 2908 et
671 2844 726 2929 qui
747 2843 885 2919 dubitat,
904 2838 990 2905 Dtul'¹

103 2929 289 2992 mendacem
310 2929 394 3013 facit,
419 2932 446 2997 1.
468 2930 541 2995 Jot.
565 2931 665 3007 5,10.

190 3051 219 3113 4.
241 3048 280 3111 In
301 3046 415 3133 spiritu
437 3058 469 3110 ct
483 3046 625 3123 veritate,
646 3048 720 3112 doh.
735 3048 767 3125 4,
781 3048 835 3125 23,
855 3044 978 3110 etanta
1036 3004 1045 3093 i

106 3122 135 3194 1.
162 3132 231 3197 Cor.
254 3133 304 3216 14,
328 3132 376 3199 15.
1038 3154 1041 3161 .
