2250 3772
108 164 152 230 48

131 502 489 647 oocruruia
527 502 946 618 crraoflurror

348 698 572 759 murm
605 698 778 761 cirur

130 924 133 929 ,
232 847 297 911 na
327 845 590 915 Daciaoao
621 847 728 916 srva
756 844 915 916 arura.v

365 1019 393 1081 1.
419 1018 504 1096 Quid
524 1033 569 1084 est
591 1019 777 1104 decalopaa?

191 1139 253 1202 Est
280 1136 362 1222 legia
391 1136 516 1200 divinae
543 1136 577 1200 in
598 1136 761 1223 primaeva
783 1138 944 1204 creatione

108 1223 231 1288 minum
252 1221 412 1285 mentibus
435 1221 554 1284 inditae
576 1222 727 1286 solemnia
753 1222 901 1309 repetitio
921 1235 946 1289 el

109 1307 252 1383 claratio,
273 1305 315 1370 ab
339 1305 410 1393 ipso
432 1306 505 1371 Doo
527 1306 561 1369 in
585 1317 693 1371 monte
717 1305 808 1372 Sinai
832 1304 946 1372 tabulie

106 1393 210 1480 pideis
242 1391 399 1476 inscripta
428 1400 460 1455 et
492 1415 511 1454 a
538 1390 657 1475 Moyse
694 1391 728 1455 in
759 1391 843 1456 vitae
876 1414 946 1458 nori

107 1476 318 1566 promulgata.

176 1607 341 1679 (Definitum
363 1613 406 1663 eat
423 1607 583 1688 decalogus.
613 1606 725 1663 Dicitur
746 1616 875 1666 autema
894 1613 945 1666 ὃέκ

108 1697 170 1736 cam
189 1685 218 1734 et
234 1677 316 1748 λόγος
327 1692 430 1731 sermo:
448 1680 591 1730 notatione
603 1693 618 1731 e
632 1677 768 1748 subjecto,
787 1679 854 1750 quia
865 1697 946 1735 suma

109 1750 205 1806 decom
231 1762 371 1802 sermones
399 1745 458 1799 aive
483 1751 635 1826 praecepta
659 1746 729 1817 legia
754 1748 865 1802 moralia
891 1765 946 1804 con

108 1816 245 1874 Definitio
255 1821 366 1886 sumpta
379 1820 421 1869 eet
433 1822 456 1870 1.
469 1830 488 1867 a
497 1821 613 1868 materia
626 1815 761 1885 subjecte,
775 1816 801 1871 le
822 1817 946 1872 edivina

107 1887 238 1957 subjecto
253 1886 283 1939 in
296 1901 360 1956 quo,
379 1882 522 1938 hominum
534 1882 620 1937 menti
632 1883 727 1938 indita
760 1891 783 1940 3.
824 1885 945 1956 djunoto

107 1972 189 2027 poro:
206 1957 236 2009 in
252 1954 396 2024 primaeva
413 1953 561 2007 creatione.
600 1959 625 2010 4.
651 1952 744 2007 Causa
762 1952 901 2008 efficiente
940 1975 946 2010 1

107 2025 167 2097 pali
183 2024 242 2078 eice
261 2028 365 2090 autore,
386 2021 435 2092 qui
458 2026 501 2075 est
512 2021 603 2075 Deua:
622 2022 696 2076 unde
709 2021 793 2076 etiam
806 2023 900 2077 divina
911 1973 946 2079 <iis

108 2103 133 2151 ὁ.
148 2093 251 2146 Forma
261 2091 320 2145 aive
330 2090 412 2143 modo
424 2089 663 2160 promulgationis,
683 2091 731 2161 qui
743 2091 908 2146 describitur
921 2099 946 2150 l.

103 2162 184 2232 jecto
210 2161 271 2214 loco
297 2159 359 2240 ubi²
381 2158 410 2211 in
428 2163 523 2211 monte
544 2156 630 2213 Sinai
666 2164 689 2213 2.
708 2159 842 2230 Subjecta
860 2166 946 2216 mater

109 2246 170 2352 ll.
184 2225 946 2354 illi&“diunitluiliiiiniiiilifflall3¹³⁰&ss

109 2367 154 2422 lex
171 2363 297 2418 Mosaica
320 2363 428 2418 dicitur.
475 2361 730 2435 Subintelliguntur
754 2315 847 2420 tanien
869 2373 897 2421 et
919 2384 946 2422 ar

108 2451 159 2506 per
171 2449 289 2504 quorum
307 2430 489 2486 ministerium
505 2431 551 2486 lex
570 2432 704 2502 ordinata,
728 2434 794 2489 Gal.
813 2438 840 2503 3,
859 2439 901 2489 19.
944 2436 946 2489 j

108 2501 184 2559 onim
200 2501 314 2557 tabulas
332 2500 359 2556 le
380 2501 386 2512 '
420 2516 438 2553 a
449 2499 511 2556 Deo
528 2516 579 2571 per
596 2500 778 2559 ministerium
796 2519 832 2557 an
853 2503 946 2559 elorun

9 2606 12 2611 ·
107 2576 205 2643 captae
227 2571 340 2640 Moyses
379 2568 498 2624 eraclius
519 2569 721 2642 promulgavit,
752 2574 816 2626 Ero
840 2576 946 2642 .32,1

2 2678 8 2721 .·
105 2643 154 2710 aa,
171 2643 217 2697 29.
252 2641 352 2694 Actor.
372 2642 394 2703 7,
411 2639 468 2705 53.)

277 2759 307 2828 2.
348 2759 431 2839 Quid
450 2780 522 2821 vero
543 2760 699 2841 inponere
719 2770 763 2822 eat
785 2760 856 2825 lea?

144 2886 148 2893 ¹
194 2859 266 2924 Lex
296 2869 344 2924 est
375 2858 520 2924 doctrina
548 2858 712 2922 continens
740 2850 885 2946 regulam
912 2883 946 2926 eo

108 2966 246 3032 operum
280 2954 312 3008 et
341 2943 513 3018 factorum,
545 2964 628 3025 quae
648 2942 740 3007 Deua
773 2945 814 3008 ab
838 2946 946 3010 homin

109 3028 179 3093 fieri
201 3039 256 3093 aut
280 3051 346 3093 non
365 3027 436 3093 fieri
454 3025 563 3091 voluit.

91 3168 97 3177 ¹
179 3143 343 3212 (Definitum
360 3151 402 3200 eat
421 3145 477 3210 lex,
501 3160 574 3215 quae
599 3144 700 3200 dicitur
719 3146 765 3199 vel
792 3152 815 3200 1.
838 3146 946 3217 aconjr

106 3206 224 3281 effecto,
245 3231 262 3269 a
278 3214 411 3285 ligando,
429 3213 504 3285 quod
523 3212 630 3284 obliget
647 3231 753 3284 omnes,
780 3214 880 3285 quibus
897 3215 946 3270 lati
