2250 3772
312 828 494 896 Perillustri
515 841 546 895 et
571 853 729 917 generoso
751 829 881 896 domino

221 982 292 1057 on.
320 985 598 1064 ssaoumoo
626 940 979 1074 onrrmorsmno.

145 1115 222 1173 San.
251 1117 367 1172 Roman.
390 1116 433 1171 Im
453 1135 490 1175 er.
513 1119 546 1176 L.
568 1120 603 1174 Β.
627 1126 656 1174 et
678 1119 773 1176 Nobili
795 1117 930 1186 Domino,
953 1117 1010 1175 Dn.
1027 1117 1060 1172 in

143 1184 326 1257 Haunsheim‚
348 1186 416 1242 stau
439 1204 474 1242 en
495 1194 523 1243 et
534 1189 765 1245 Wesohenbeiirn
782 1192 835 1243 eto.
871 1186 1057 1243 Illustrissimi

145 1253 241 1310 Status
257 1256 361 1312 Veneti
378 1255 524 1312 Praefecto
541 1257 674 1330 Legionis
692 1257 838 1328 pedestris,
858 1257 969 1313 domino
989 1253 1060 1311 mihi

83 1348 105 1368 -ι
382 1324 480 1379 humili
499 1326 675 1382 observantia
693 1326 819 1384 colendo.

144 1473 345 1579 perillustris
371 1503 437 1571 Dn.
457 1504 536 1569 baro
567 1516 598 1570 et
618 1504 736 1570 nobilis
757 1503 902 1582 domine,
930 1501 1060 1566 unicam

144 1594 273 1679 pietatis
293 1617 331 1660 ao
349 1596 514 1683 religionis
542 1597 755 1676 orthodoxae,
786 1619 870 1683 quae
888 1595 1058 1662 Lactantio

146 1690 226 1746 teste
248 1683 267 1748 l.
289 1685 322 1747 3.
355 1684 392 1745 de
412 1684 499 1751 Folo.
523 1684 662 1768 Sapieat.
692 1709 716 1747 o.
740 1688 791 1750 10.
818 1708 850 1767 p.
873 1683 942 1746 202
970 1702 1059 1744 sum·

144 1787 233 1830 mum
254 1765 392 1830 hominis
413 1767 544 1846 bonum,
566 1767 607 1831 ad
629 1768 717 1852 quod
735 1767 843 1832 omnia
856 1776 966 1830 nostra
981 1785 1059 1830 oon-

144 1850 331 1929 formanda,
352 1851 446 1916 basin
466 1853 500 1916 in
524 1853 734 1929 catechismo,
755 1863 810 1916 tan
832 1875 908 1915 uam
928 1849 962 1914 in
983 1872 1058 1936 par-

145 1937 194 2000 vis
218 1937 344 2014 bibliis,
365 1937 508 2016 latitare,
529 1938 635 2003 nullus
657 1938 779 2002 sincere
802 1875 1059 2002 &hristianorum

144 2020 239 2086 facile
261 2022 402 2121 negabit.
437 2025 491 2088 Ex
510 2023 572 2088 hoo
587 2023 748 2107 siquidem
762 2022 893 2106 quaevis
910 2018 1058 2085 salutaris

144 2105 337 2204 cognitioms
364 2106 491 2172 divinae
519 2108 695 2257 salutisque
732 2119 879 2172 aeternae
902 2105 1061 2171 elementa

145 2189 239 2273 (ahos
271 2214 291 2255 a
319 2202 429 2255 nostra
465 2193 581 2256 mentis
610 2215 627 2257 c
660 2193 747 2278 igine
775 2192 871 2276 plane
900 2190 1060 2267 abstrusa)

76 2307 79 2314 =
145 2274 186 2338 ab
208 2275 399 2340 incunabilis
420 2275 473 2361 pie
495 2299 623 2363 ponere,
651 2279 740 2361 jacta
760 2276 801 2340 ad
822 2275 898 2355 fidei
923 2286 955 2340 et
975 2273 1060 2338 vitae

144 2371 273 2426 nostrae
294 2360 552 2426 informationem
570 2373 655 2427 recte
679 2361 839 2447 applicare
861 2358 1060 2444 memorique

145 2445 242 2510 corde
262 2445 296 2511 in
317 2445 477 2532 gloriosae
498 2447 582 2512 vitae
607 2446 866 2513 consecutionem
898 2464 1061 2510 asservare

145 2527 229 2594 licet.
279 2529 552 2596 Pretiosissimum
578 2531 639 2598 hoc
672 2532 849 2597 animarum
877 2541 1061 2596 nostrarum

145 2611 319 2700 κειμήλιον
339 2616 377 2680 Β.
429 2639 521 2696 arens
548 2640 639 2683 meus
665 2616 928 2696 Chnnradus,
955 2634 1060 2699 nuper

146 2698 353 2764 ecclesiarum
442 2701 600 2767 mensium
643 2701 907 2788 superintendens
947 2699 1059 2848 reique

145 2783 352 2850 scholasticae
382 2785 537 2865 director,
563 2810 622 2872 per
650 2806 760 2852 omnes
786 2786 870 2852 vitae
892 2808 968 2851 suae
1012 2783 1059 2846 ies

143 2868 237 2933 unice
258 2868 439 2952 inquirens,
468 2893 628 2936 summum
649 2872 725 2937 fecit
746 2871 915 2959 pretium,¹
928 2867 1059 2954 quando

144 2952 367 3020 celeberrimas
401 2954 563 3041 nullisque
597 2979 663 3022 non
704 2952 841 3025 οἴκοθεν
877 2955 1061 3021 notissimas

143 3039 352 3105 catechetioas
375 3040 432 3105 has
447 3064 521 3106 suas
536 3041 761 3118 institutiones,
781 3040 816 3105 in
829 3036 1063 3116 Ludovioiana,

144 3122 202 3188 ubi
224 3123 301 3189 olim
323 3126 521 3212 exprimis
543 3126 604 3191 fuit
624 3127 681 3212 qui
702 3125 836 3193 eandem
857 3135 1007 3191 rexerunt
1029 3133 1063 3186 et

148 3208 307 3274 celebrem
327 3211 481 3290 fecerunt,
502 3212 640 3297 primam
659 3212 693 3276 in
714 3213 819 3277 lucem
833 3212 945 3291 editas,
967 3230 1064 3295 snpe-
