2250 3772
114 247 168 314 Dc
189 269 224 311 re
245 245 408 312 acoenae
429 257 562 313 terrena.
608 249 635 314 1.
657 248 820 333 Depone.
862 247 927 314 539
980 334 987 347 ,Δ

78 416 199 482 iniurias,
215 415 342 485 nebulas,
358 423 457 472 tennes
474 416 600 472 lamellas
614 417 749 484 viscosae,
771 413 860 471 literis
878 415 927 472 ob·

78 486 162 541 andis
186 485 248 541 loco
276 501 358 540 cerae
391 486 552 567 hispanicae
579 486 756 550 accomodes,
787 502 837 556 per
862 503 928 542 con·

77 560 154 627 ptum
170 554 305 611 nominat.
330 553 382 609 Est
400 572 473 609 emm
488 555 593 610 elencln
611 553 683 611 finis.
711 554 784 619 Quia
801 554 929 609 Christus

91 623 213 678 instituit
231 639 331 693 panem
350 624 379 677 in
402 642 424 677 s.
445 640 546 703 coena,
570 629 601 677 ut
623 623 794 704 spiritualem
813 623 928 705 cibatip·

77 693 389 824 55555552
405 691 466 833 55
489 693 928 830 3555555555

77 847 95 884 n
113 838 260 889 recreator
278 829 400 900 corporis
417 829 468 892 sui,
505 845 538 883 oc
558 835 608 898 est,
626 835 659 884 ut
676 836 785 898 sumpto
797 846 869 899 pane
882 847 928 884 su·

77 916 111 954 ur
135 897 220 954 etiam
249 915 348 980 corpus
368 897 477 953 Christi.
521 904 545 954 2.
564 897 593 952 Si
610 897 640 952 in
661 898 813 952 nutritione
832 905 860 953 et
877 898 928 953 ali·

77 968 113 1023 iia
141 964 305 1022 sacramenti
331 967 462 1038 analogia
488 966 658 1034 consisteret,
685 982 794 1036 semper
818 971 927 1022 tantum

77 1036 269 1104 insumendus,
289 1041 425 1106 quantum
442 1035 480 1089 ad
490 1035 668 1089 nutritionem
686 1042 714 1090 et
730 1035 929 1091 saturationem

77 1105 168 1161 iceret.
212 1105 253 1159 At
280 1103 353 1159 hanc
380 1104 538 1175 analogiam
565 1104 671 1158 Paulus
694 1103 786 1173 rejicit
813 1110 836 1160 1.
861 1103 926 1160 Gor.

78 1177 126 1231 34.
168 1172 241 1237 Quin
265 1178 289 1228 3.
311 1173 445 1227 naturalis
470 1172 511 1226 vis
536 1171 616 1241 panis
639 1172 781 1227 nutriendi
803 1178 831 1228 et
854 1179 929 1228 satu·

77 1242 218 1312 iicorpus
237 1241 266 1294 in
288 1259 310 1297 e.
330 1258 417 1298 coena
433 1258 489 1295 non
501 1247 650 1310 spectatur.
677 1240 831 1311 Propterea
845 1241 925 1311 enim,

77 1310 174 1366 tabent
191 1311 276 1365 verba
299 1312 415 1364 canonic
435 1310 547 1372 Niceni,
570 1329 626 1364 nou
650 1311 767 1363 multum
785 1311 927 1376 cemimus,

80 1396 199 1450 parum,
216 1387 248 1433 ut
265 1396 451 1446 apnoacamue
470 1396 527 1432 non
548 1379 794 1440 adcommisceri,
817 1381 869 1432 aed
886 1381 929 1433 ad

76 1448 268 1515 ctificatiouem
284 1449 354 1501 hoec
372 1448 452 1501 cumi.
471 1446 504 1501 L.
519 1454 543 1505 3,
565 1447 667 1502 decret.
688 1448 724 1502 de
741 1446 827 1503 divin.
840 1463 927 1507 mens.

94 1524 117 1573 i.
134 1516 233 1572 concil
259 1534 287 1585 p.
308 1523 367 1572 557.
407 1517 459 1571 Nil
479 1515 599 1586 denique
623 1517 714 1569 obstat
734 1523 758 1570 5.
780 1516 856 1587 quod
879 1516 928 1571 ho·

76 1603 101 1641 nr
134 1585 302 1655 accipientes
330 1603 387 1641 non
418 1584 516 1668 pertici
538 1591 585 1639 ent
616 1585 651 1638 de
677 1601 734 1638 uno
763 1600 836 1654 pane
865 1593 928 1650 etc,

76 1655 131 1710 Jor.
153 1656 256 1723 10,17.
291 1657 401 1709 Bucen.
420 1602 543 1710 metiti.
563 1659 604 1708 48.
624 1670 669 1725 qu.
691 1661 729 1708 ll.
750 1671 777 1723 p.
792 1658 850 1710 660.
876 1654 928 1708 Di·

76 1742 91 1779 r
111 1723 184 1778 enirn
203 1739 275 1776 unns
293 1724 387 1791 panis,
414 1741 470 1777 non
487 1721 642 1794 quantitate
667 1721 798 1776 continua
820 1739 871 1776 seu
886 1723 928 1777 in·

76 1793 150 1861 dua,
174 1791 223 1846 sed
248 1793 354 1861 specie,
379 1808 430 1863 per
446 1791 580 1846 unitatem
604 1789 689 1845 officii
712 1791 930 1856 sacramentalis,

76 1862 96 1916 d
123 1865 166 1916 est
191 1860 346 1930 symbolum
370 1877 430 1915 esse
457 1860 578 1928 corporis
602 1857 704 1913 Christi
731 1860 927 1917 manducandi.

76 1931 161 1991 Jnum
179 1946 278 1998 corpus
297 1930 445 2000 mysticum
465 1936 530 1982 sunt
548 1927 687 1995 ecclesiae,
704 1926 770 1981 hinc
789 1927 854 1982 inde
873 1928 928 1981 die·

76 2015 126 2080 ¹⁸⁰1
147 1998 176 2052 in
195 1997 296 2069 quibus
312 1997 386 2053 idern
403 1997 525 2052 officinm
542 1997 616 2050 idem
636 1995 729 2066 specie
747 1995 828 2064 panis
847 1997 928 2067 gerit,

76 2084 128 2123 mel
144 2065 300 2136 quantitate
317 2067 354 2123 sit
370 2064 493 2133 multus.)

75 2273 104 2341 5.
152 2271 235 2350 Quid
256 2294 326 2337 vero
348 2274 385 2335 de
405 2270 560 2335 fractione
580 2270 672 2355 panis
695 2274 900 2349 statuendum,
992 2259 998 2262 ’

105 2381 186 2422 anne
206 2358 319 2421 iothoec
337 2359 370 2420 in
394 2380 487 2420 sacro
509 2360 621 2441 syriani
641 2355 839 2420 necessaria?
871 2357 876 2367 '

103 2475 267 2560 Equidem
281 2474 463 2538 distributio
477 2473 568 2560 panis
584 2484 632 2537 est
645 2473 840 2559 necessaria,
860 2496 931 2538 mo-

75 2586 79 2624 ι
105 2582 182 2626 vero
204 2558 435 2624 distributionis
457 2572 505 2623 est
526 2557 720 2624 indifferens.
754 2557 829 2623 Sive
849 2581 927 2644 ergo

92 2659 177 2720 ante,
198 2646 249 2710 vel
270 2643 630 2708 interodistributionem
649 2643 750 2706 cultro
765 2643 857 2728 panis
879 2666 930 2708 se-

75 2754 126 2809 nr,
147 2730 214 2793 eive
240 2729 342 2815 digito
361 2729 542 2813 frangatur,
564 2729 630 2791 sive
652 2727 715 2791 alio
738 2749 930 2811 quocunque

75 2816 117 2882 do
142 2815 184 2879 ad
211 2814 468 2879 distributionem
489 2825 711 2898 praeparetur,
732 2812 811 2875 nihil
832 2813 931 2877 inter·

78 2952 89 2986 ,
134 2900 211 2984 quia
252 2898 422 2984 utrobique
468 2899 564 2962 finem
601 2920 694 2961 suum
728 2897 928 2980 assequitur3

74 2986 116 3135 go
138 2985 212 3049 ideo
234 2984 409 3067 frangatur,
429 2996 466 3048 ut
486 2983 569 3047 inter
590 2981 858 3046 communicantes
880 2981 932 3045 di·

97 3081 202 3136 uetur.
