2250 3772
457 261 631 349 Scriptura.
957 265 997 330 31

124 429 196 485 nnus
212 431 239 485 in
256 425 409 502 Scriptura,
426 449 451 485 r.
470 437 511 514 ³4,
531 438 563 486 ut
582 436 628 486 ote
645 431 767 504 gentilis.
805 436 828 484 3.
846 430 959 486 Illench.
977 449 998 486 s.

123 498 176 569 quid
207 500 311 573 Aliqua
327 499 486 555 difficiliora
501 507 558 555 inte
582 501 656 573 ’gere
673 517 730 554 non
748 499 848 570 potuit.
886 507 911 554 4.
929 500 998 552 Hia-

121 584 224 637 rospmas
241 569 277 625 de
294 568 394 691 mpp'ori
411 569 596 641 intelligentia
614 576 641 625 et
652 568 853 623 illuminatione
865 568 998 638 interpre-

121 639 185 706 tatur,
205 638 284 708 epist.
306 655 324 692 a
361 637 441 692 Paul.
465 644 529 693 ta.
576 645 625 695 ,7.
644 637 679 693 A.
713 639 774 691 Nec
794 637 883 690 obstat
904 643 927 691 4.
946 637 998 692 loc.

121 707 140 757 1.
151 707 201 761 Pet.
217 709 245 776 3,
264 709 306 760 16.
338 707 479 761 Bellcrm.
500 706 525 762 d.
542 707 561 762 l.
585 706 637 761 col.
658 712 713 763 132.
730 707 765 760 A.
802 704 854 759 Est
878 705 951 759 enim
979 712 1000 760 1.

121 773 223 829 endas
240 792 259 830 a
295 775 450 829 articulari:
473 775 571 830 vitiose
589 775 676 847 igitur
696 778 725 830 et
742 773 807 828 hinc
826 773 1002 828 concluditur

120 841 232 899 tinnire
289 861 314 900 e.
352 848 376 900 2.
394 843 534 898 Elenchns
553 844 633 898 alien.
656 844 763 897 Damus
803 842 921 897 uaedam
941 860 1001 898 esse

120 911 230 980 tmrdqroe
262 911 382 967 obscura
406 913 436 966 in
464 913 613 984 Scriptura.
660 917 684 966 3.
708 911 824 966 Elenc.
852 911 944 980 phras.
973 918 1002 966 et

120 993 211 1051 conpos.
229 997 263 1036 ac
280 981 361 1035 diris.
389 981 453 1038 Non
472 981 544 1036 enim
557 981 632 1045 dicit,
648 980 781 1035 Paulines
796 979 929 1050 epistolas
941 995 1002 1034 esse

121 1046 232 1118 obscuras,
250 1067 315 1104 cnm
332 1067 389 1104 non
407 1050 483 1104 dicat
500 1051 531 1105 ἐν
548 1045 604 1119 αἷς,
625 1050 654 1103 in
674 1049 776 1120 quibus
794 1048 931 1119 epistolis,
953 1048 1002 1107 sed

121 1115 141 1168 ir
152 1112 193 1182 οἷς,
207 1118 238 1172 in
257 1117 368 1200 quibus,
387 1118 446 1199 sire
462 1119 565 1201 rectius
582 1119 654 1173 inter
671 1135 743 1189 quae
752 1123 832 1241 (puta
849 1117 943 1199 capita
954 1134 1003 1172 sen

119 1198 265 1311 mua&
271 1186 918 1336 11(insigillsatrhhfdldhdudhdseeusnctrliprdserat{mrtedldqtaad
936 1202 1002 1308 {th

119 1322 194 1394 tuens,
210 1325 260 1380 sed
277 1323 314 1377 ad
333 1329 473 1379 contenta.
502 1327 563 1379 Nec
577 1326 668 1379 obstat
689 1334 712 1378 5.
729 1323 839 1395 phrasis
857 1328 886 1377 et
903 1323 1002 1377 modus

119 1386 225 1460 loquendi
242 1392 384 1460 obscurus,
404 1394 440 1448 ob
458 1393 618 1469 historolog.
631 1393 745 1463 antilog.
760 1391 931 1447 hebraismus
948 1397 1000 1446 etc.

119 1460 169 1528 trop.
185 1466 212 1516 et
230 1460 278 1533 fig.
297 1463 437 1515 Bellarm.
457 1462 485 1516 d.
501 1463 521 1517 l.
540 1463 592 1516 col
615 1468 671 1524 134.
689 1463 724 1516 Α.
742 1461 775 1518 Β,
812 1462 917 1514 Becco.
944 1477 1003 1513 ma·

119 1528 203 1584 iml
224 1537 245 1585 1.
265 1547 287 1583 5.
308 1535 331 1584 1.
356 1549 384 1600 p.
405 1536 435 1586 15
454 1548 510 1602 seq.
555 1531 607 1584 Est
628 1530 701 1584 enim
722 1535 745 1585 1.
764 1530 865 1584 iterum
882 1547 900 1583 a
938 1529 1003 1583 arti-

120 1594 191 1651 culari.
224 1604 247 1653 2.
265 1597 387 1654 Phrases
410 1599 505 1654 labore
533 1604 562 1653 et
584 1599 757 1653 institutione
781 1598 879 1653 sedula
895 1546 1003 1652 addisci

120 1667 325 1722 cmmadverti
342 1673 467 1738 possunt.
506 1674 528 1724 3.
546 1668 618 1724 Sunt
634 1667 784 1737 antilogiae
802 1667 937 1721 duntaxat
954 1683 1002 1787 ap-

182 1741 228 1790 tes.
267 1741 290 1790 4.
309 1735 411 1791 Omnia
434 1736 505 1791 haec
529 1741 608 1792 extra
631 1736 715 1793 oleas.
752 1736 882 1799 Quaestio
907 1742 950 1789 est
988 1751 1004 1789 e

131 1804 279 1873 ogmatibus.
313 1805 354 1857 At
391 1804 507 1859 ontificii
527 1822 573 1875 en,
600 1821 672 1876 quae
691 1810 769 1859 extra
789 1803 1002 1858 controversiam

117 1873 341 1995 31331..
371 1875 529 1996 iribili‘
543 1871 1002 1997 le⁰⁰lm⁰ttttlitltttt

117 2019 204 2065 cenae
229 2010 391 2072 Nonomne,
412 2010 486 2081 qnod
504 2011 705 2066 commentariis
723 2009 885 2080 explicatur,
903 2009 1002 2063 obscu-

115 2088 165 2131 rcn.
184 2079 319 2150 Alioquin
330 2085 358 2133 et
370 2080 527 2149 symbolum
539 2079 720 2149 apostolicum
729 2078 885 2133 obscurum.
904 2076 1002 2132 2.Pos·

116 2146 292 2219 setScriptura
310 2148 415 2219 absque
427 2148 630 2203 commentariis
645 2147 771 2218 intelligi.
803 2153 826 2202 3.
844 2146 1004 2202 Inserriunt

115 2214 201 2269 meliori
227 2215 438 2287 intelligentiae.
474 2219 534 2270 Nec
562 2219 653 2270 555151
683 2224 706 2272 ’1.
733 2215 808 2287 quod
831 2231 887 2269 non
913 2215 1004 2270 omnia

113 2281 182 2363 primo
193 2284 297 2339 intuitu
311 2286 341 2339 in
354 2284 498 2356 Scriptura
514 2285 634 2358 intelligi
650 2292 775 2356 possunt.
800 2286 906 2338 Pistor.
914 2285 1001 2355 Weg·

114 2364 168 2408 ren.
195 2371 217 2408 5.
240 2359 265 2409 3.
294 2372 320 2424 p.
344 2360 386 2410 50.
434 2354 486 2408 Est
512 2354 585 2410 enim
614 2362 635 2409 1.
663 2353 763 2409 iterum
790 2371 808 2407 a
831 2353 1002 2424 particulari.

112 2420 130 2496 ,²-
147 2418 356 2478 Ἀνακόλουθον.
398 2423 445 2479 Sol
469 2427 512 2478 est
534 2423 732 2487 lucidissimus,
757 2440 809 2478 nec
831 2430 925 2477 tamen
948 2438 1003 2475 uno

111 2489 197 2545 ntuitu
222 2490 260 2546 ab
290 2490 418 2546 omnibns
450 2491 689 2547 indiscriminatim
713 2490 866 2562 aequaliter
884 2491 1003 2544 videtur.

111 2559 129 2613 3.
142 2557 280 2614 Elenchus
304 2559 439 2615 accident.
476 2561 584 2617 Vitium
608 2561 704 2615 ethic
729 2570 772 2615 est
792 2560 821 2613 in
838 2558 1003 2628 hominibus,

111 2621 223 2682 dissimili
246 2627 382 2683 facultate
405 2629 543 2699 spirituali
589 2629 711 2686 raeditis.
746 2628 865 2699 Spiritus
890 2634 1004 2682 sanctus

109 2703 226 2763 operatur
241 2697 272 2751 in
290 2698 421 2768 quolibet,
439 2704 522 2768 prout
539 2648 609 2760 vult,
629 2702 653 2751 1.
669 2699 731 2752 Gor.
747 2702 791 2759 12,
810 2701 852 2752 11.
881 2698 941 2749 Nec
959 2696 1005 2749 ob-

108 2770 153 2817 cat
171 2771 194 2822 8.
214 2765 291 2837 qnod
307 2765 438 2820 haeretici
458 2774 593 2822 conantur
610 2784 714 2822 errores
732 2783 795 2819 suos
808 2764 958 2820 defendere
969 2780 1003 2818 ex

107 2827 254 2956 Scriptura,
279 2836 387 2896 Pistor.
404 2834 471 2890 ibid.
488 2854 516 2916 p.
535 2842 576 2890 56.
608 2835 660 2888 Est
674 2835 747 2888 enim
766 2834 855 2889 ethic
872 2830 1004 2887 elenchus

107 2902 158 2956 acci
177 2903 257 2958 entis.
288 2903 373 2957 Error
389 2903 591 2959 haereticorum
609 2920 665 2957 non
682 2909 725 2958 est
741 2901 933 2957 attribuendus
951 2899 960 2952 i
982 2900 1005 2953 si

106 2967 266 3049 Scripturae.
306 2977 331 3027 2.
347 2972 434 3026 Aliud
452 2980 494 3027 est
511 2973 666 3043 Scriptura,
691 2989 748 3044 qna
765 2970 920 3025 haereticus
937 2918 979 3048 ahl

105 3042 177 3110 ntur,
203 3039 322 3112 quaein
341 3057 384 3109 se,
407 3046 436 3095 et
457 3059 507 3111 per
529 3058 559 3095 se
577 3058 685 3111 semper
704 3048 746 3095 est
766 3046 793 3094 et
810 3042 904 3093 manet
920 3038 1003 3102 clara,

103 3108 251 3179 perspicua.
286 3108 376 3163 Aliud
392 3115 448 3174 est,
467 3110 542 3181 qnod
561 3109 715 3164 haereticus
741 3108 815 3162 circa
834 3106 1004 3177 Scripturam

103 3178 250 3244 committit,
269 3194 369 3249 nempe
387 3178 532 3248 contorsio,
551 3178 720 3249 depravatio,
738 3177 850 3230 abusus.
879 3178 940 3230 Nec
959 3176 1005 3229 de·

103 3244 227 3369 qim
330 3254 353 3303 9.
369 3247 503 3317 mysteria
518 3264 626 3301 summa
642 3247 672 3302 in
694 3245 837 3368 Scriptura
854 3245 1004 3316 proposita,

254 3315 282 3370 d.
301 3332 323 3371 5.
344 3321 367 3370 1.
384 3316 436 3372 col.
459 3321 515 3371 133.
542 3316 648 3370 Becco.
665 3333 737 3370 man.
768 3355 773 3369 .
795 3321 818 3371 1.
841 3331 866 3370 5.
887 3319 911 3369 1.
935 3331 963 3384 q.
980 3310 1102 3552 a!
