2250 3772
103 229 168 297 576
268 224 376 313 Caput
397 227 440 293 V.
482 227 534 292 De
556 247 656 291 coena
679 225 851 293 dominica

191 397 221 461 3.
258 397 320 461 nst
353 395 484 460 meato
527 368 560 461 ει
595 395 798 481 impanatio
835 395 870 460 n
903 417 999 483 corpus

7 538 16 553 .
105 480 235 549 Christi.

193 568 224 629 4.
246 567 308 629 Est
328 565 516 631 inhabitatio
533 564 654 629 Christi
674 565 708 628 in
725 566 821 630 nobis
843 589 901 653 per
917 586 1003 629 sacra·

107 651 280 715 mentalem
300 650 403 714 carnis
426 673 503 715 suae
524 650 857 717 communicationem.

192 734 222 803 5.
244 736 306 799 Est
330 735 468 820 denique
494 748 615 799 tessera
641 736 886 803 resurrectionis
913 736 951 800 ad
967 732 1004 800 vi·

105 830 172 884 tam
194 830 364 887 aeternam.

177 938 271 1001 (Unde
289 937 318 991 in
335 954 437 1058 {iaceo
455 954 560 992 canone
575 936 700 993 Nicaeno
718 938 849 1008 symbola
869 939 1006 996 ἀθανασίας

107 1006 293 1077 appellantur.
365 1012 378 1059 t
401 1024 524 1076 corporo
554 1015 655 1059 uestra
675 1007 873 1076 persapientis
898 1006 1005 1061 walleri

108 1077 191 1130 stium
208 1076 269 1143 jam
285 1093 342 1128 uon
359 1084 424 1128 suat
442 1076 653 1144 corruptibilia,
672 1078 727 1129 scd
742 1093 824 1144 spem
840 1075 1007 1131 resurrectio·

107 1146 153 1198 uis
165 1147 211 1210 (ex
229 1142 405 1209 eucharistia)
422 1145 562 1199 habentia.
590 1145 667 1198 Irsu.
685 1143 705 1199 l.
718 1150 743 1200 4.
761 1145 826 1199 adv.
840 1144 946 1201 haeres.
962 1142 1006 1199 Vs·

108 1214 175 1269 lent.
192 1218 220 1267 et
239 1212 319 1267 simil.
335 1231 357 1267 c.
376 1218 417 1269 34.
433 1231 461 1283 p.
475 1218 534 1269 264.
546 1231 574 1268 n.
589 1220 613 1268 6.
641 1216 753 1267 Errant
771 1213 862 1285 igitur
872 1214 939 1269 uoci
949 1213 1007 1267 Pto

110 1283 221 1350 ts'uiom',
239 1282 287 1352 qui
306 1298 360 1335 usu
379 1300 399 1338 s.
420 1298 522 1336 coenae
539 1280 624 1335 fidem
641 1286 763 1336 nostram
782 1283 958 1352 confirmari,
971 1279 1006 1335 ool

110 1351 223 1405 maino
244 1350 393 1419 quicquum
410 1351 572 1420 spiritualis
592 1351 658 1404 boui
672 1352 702 1403 s'u
718 1353 818 1404 codem
824 1353 913 1420 perci
935 1353 941 1365 '
950 1366 1006 1419 pro·

107 1421 308 1556 fauceuppoot.
337 1420 447 1474 Octccls.
458 1421 562 1474 Racoo.
581 1419 617 1473 de
634 1418 708 1473 offic.
721 1418 825 1475 Christ.
843 1437 917 1492 prop
936 1435 977 1473 .c.
987 1422 1005 1472 t.

244 1659 295 1726 55.
342 1658 403 1737 Qui
423 1661 600 1743 referuntur
621 1663 665 1725 ud
681 1662 892 1743 proximum?

195 1781 347 1863 Respecto
364 1780 506 1861 pessimi
525 1778 705 1842 communio
724 1798 846 1844 coenae
868 1790 916 1844 est
934 1780 959 1843 1.
970 1788 1006 1840 ts-

111 1863 256 1928 stificatio
286 1873 319 1927 et
347 1860 536 1961 approbatip
563 1862 772 1927 confessionis
795 1876 828 1929 et
850 1865 1005 1961 doctrines,

110 1972 192 2033 quae
214 1948 342 2034 publice
362 1946 559 2023 meocles1a‚
581 1948 614 2011 in
635 1970 699 2031 qua
714 1948 749 2012 fit
764 1949 1005 2020 communicatio,

108 2044 223 2182 sonat}
248 2118 385 2182 Tessera
410 2140 542 2202 operum
573 2116 748 2201 charitatis,
778 2119 900 2202 quibus
928 2130 1006 2184 testa·

111 2225 202 2267 mur:
228 2202 323 2269 Velle
345 2224 403 2265 nos
427 2206 454 2267 1.
477 2225 516 2265 ex
538 2201 644 2265 animo
667 2202 784 2266 delicta
806 2205 952 2289 proximo
969 2209 1025 2267 re?

1 2331 4 2341 ·
111 2287 244 2353 mittere.
277 2286 372 2353 Velle
391 2288 419 2348 2.
433 2309 492 2386 pro
505 2286 588 2349 virili
602 2310 758 2372 pauperes
769 2289 897 2371 juvare.
929 2288 1006 2357 Vale

108 2374 139 2440 3.
156 2394 264 2436 omnes
280 2394 338 2456 pro
353 2371 504 2436 fratnbus
516 2382 548 2435 et
561 2373 711 2436 membris
728 2374 858 2457 mystici
873 2373 1007 2462 corporis,

108 2458 199 2542 cujus
221 2467 317 2543 caput
339 2456 484 2522 Christus
505 2468 563 2532 est,
584 2479 766 2542 agnoscere.

179 2575 263 2639 (Hinc
283 2574 359 2628 dieta
376 2580 418 2628 est
435 2590 521 2628 coena
539 2572 634 2643 ἀγάπη
655 2573 766 2628 dileetio
780 2576 861 2641 (vide
873 2578 1009 2660 supra)‚sl

109 2645 155 2699 hie
176 2644 239 2697 finis
257 2643 350 2697 omnia
368 2642 461 2697 officia
479 2642 622 2696 eharitatis
646 2641 814 2698 christianae
833 2664 958 2715 prox1mo
973 2646 1008 2699 de

110 2713 186 2767 bitae
201 2713 283 2793 juxta
301 2728 426 2766 normam
446 2711 574 2782 regulae:
596 2711 694 2782 diliges
711 2713 873 2780 proximum
893 2722 969 2771 tunm
983 2713 1010 2766 si·

110 2788 159 2836 eut
176 2788 311 2851 teipsum,
335 2780 535 2850 complectitur.
572 2782 683 2833 Errant
702 2778 788 2851 igitur
807 2785 1011 2855 Anabaptr‘stos‚

112 2850 159 2920 qui
178 2867 292 2904 coenam
310 2866 417 2902 sacram
434 2849 627 2902 tantummodo
646 2852 740 2902 notam
759 2853 788 2903 et
806 2851 922 2924 signum
939 2860 1012 2909 exter·

110 2934 164 2972 nae
182 2917 358 2988 professionis
384 2924 412 2972 et
430 2917 611 2972 fraternitatis
635 2934 694 2972 esse
712 2918 827 2988 volunt,
846 2927 876 2976 et
894 2924 936 2978 sic
969 2921 1014 2975 rin·

110 2987 227 3110 {292102
245 2987 372 3111 fiphssaritn
390 2986 677 3125 1⁵3⁰Egcllm33fassati3i3}
695 2987 866 3126 sppppudunt.
917 2991 943 3046 C
968 2993 1015 3059 loo.

138 3073 609 3112 raucon.....
746 3095 751 3107 .
