2250 3772
347 252 401 317 De
421 274 560 339 persona
583 251 711 321 Christi.
921 255 993 344 273·

109 436 179 499 quem
195 420 347 500 decrevit,
367 434 539 508 postquam
560 423 724 488 suscitavit
745 446 819 489 eum
840 423 880 488 de
901 447 991 489 mor·

108 500 159 565 tuis.
194 506 305 581 Confer
326 510 442 571 Mattlr.
463 509 515 586 25,
537 509 579 573 31
603 523 631 573 et
652 531 752 594 seqq.;
772 511 840 574 Aa.
863 511 912 587 10,
926 506 991 586 42;Ι

107 586 176 671 Aper.
191 591 219 668 1,
240 590 278 676 73
298 592 388 657 Dare.
410 593 440 672 7,
464 595 504 659 13
525 596 625 680 seqq.)

155 754 206 819 OEat
224 757 340 813 ethaeo
357 765 481 828 potestas
499 777 564 815 vere
589 759 695 829 divina,
719 777 775 813 non
793 759 921 830 angelica
936 767 986 815 aut

106 818 204 879 hamma
238 825 311 891 Quia
330 835 353 881 1.
371 828 447 882 solus
466 828 543 882 Deus
562 828 678 883 remittit
698 837 814 897 peccata
838 834 986 897 (potestate

139 893 197 961 prist
222 897 293 950 Esa,
312 899 356 963 43,
375 899 421 953 25.
464 898 556 951 Lusus
578 898 757 952 terminorum
777 906 831 964 est,
854 897 920 953 inde
943 898 985 952 in·

158 980 164 1015 :
180 961 303 1018 Christus
317 967 469 1021 secundum
481 967 631 1021 humanam
644 972 771 1020 naturam
781 984 837 1021 non
849 966 986 1022 estDeus.

104 1024 191 1086 hoec
223 1034 377 1087 secundum
417 1035 567 1089 humanam
598 1040 726 1088 naturam
759 1040 881 1103 potestas
913 1035 983 1091 haec

105 1096 234 1176 tiathibui
251 1110 353 1172 potest.
392 1103 549 1173 Propositio
572 1104 644 1158 enim
669 1103 834 1173 intelligitur
853 1105 992 1173 essentia·'

104 1161 152 1221 lior.
185 1168 312 1225 Christus
330 1177 423 1227 autem
442 1174 585 1227 verissime
611 1183 654 1226 est
671 1171 749 1226 Deus
769 1172 920 1226 secundum
936 1190 985 1227 na-

104 1238 167 1290 tanto
182 1238 332 1294 humanam
349 1242 546 1322 personaliter,
572 1242 630 1296 sive
648 1248 762 1311 propter
777 1243 907 1295 unionem
924 1259 987 1310 per·

104 1305 209 1375 mlem3
233 1308 303 1362 alias
326 1310 416 1364 Frlius
440 1310 546 1364 Mariae
571 1328 626 1364 non
649 1327 713 1365 vere
739 1311 877 1365 diceretur
899 1310 985 1365 Deus.

103 1366 190 1450 lilledo
206 1378 348 1431 essentiali
358 1379 413 1433 Dei
430 1380 617 1449 proprietate,
634 1379 679 1432 hic
692 1380 727 1431 do
740 1380 892 1447 personalis
904 1379 983 1433 unio-

103 1442 234 1499 rudecto
253 1447 380 1517 quaestio
400 1454 450 1505 est.
489 1448 562 1513 Quia
582 1456 604 1503 2.
623 1448 660 1500 ad
676 1447 776 1516 Judieii
795 1448 990 1508 executionem,

103 1510 194 1575 patret
208 1521 230 1571 l.
244 1513 376 1569 Occultos
391 1518 573 1587 cogitationes
585 1516 613 1570 in
629 1518 721 1570 lucem
733 1515 865 1586 proferre,
884 1521 908 1570 1.
921 1519 985 1571 Cor.

103 1577 151 1655 425.
185 1588 208 1637 2.
227 1583 388 1639 Secundum
409 1586 549 1655 justitiam
574 1585 730 1647 decernere.
770 1592 794 1640 3.
814 1585 924 1639 Fideles
948 1584 985 1639 ad

103 1650 170 1719 uhu,
183 1650 342 1707 incredulos
367 1654 403 1708 ad
422 1665 539 1708 mortem
563 1655 732 1724 adjudicare.
769 1662 793 1710 4.
815 1654 986 1719 Sententiam

103 1708 164 1795 ΙΨ
184 1726 313 1789 potenter
336 1724 506 1777 exsecutioni
528 1725 667 1777 mandare.
709 1722 825 1793 Singula
843 1722 914 1777 haec
932 1725 987 1776 vir-

103 1784 150 1837 hor
167 1797 231 1843 sunt
251 1790 362 1844 nonnisi
384 1808 450 1846 rere
474 1792 591 1848 divinae.
635 1793 746 1845 Errant
771 1808 785 1843 a
812 1790 988 1844 Calciaiaar'a

107 1852 256 1924 tadhaee
280 1876 392 1930 quoquo
415 1866 544 1929 respectu
572 1861 608 1915 ad
629 1861 814 1925 divinitatem,
836 1859 881 1913 vel
896 1860 927 1913 in
946 1867 987 1914 to-

104 1918 206 1991 aava
223 1927 261 1981 ad
281 1934 390 1998 partem
416 1931 548 1985 referunt.
592 1931 694 1984 Polaa.
722 1934 861 1998 syntagm.
886 1927 933 1983 lib.
961 1933 985 1983 6.

104 1998 146 2059 ilp-
160 1999 195 2050 69.
214 2013 242 2065 p.
263 2002 323 2051 516.
367 1999 452 2052 dode.
470 1999 499 2052 in
518 2016 626 2069 exeges.
646 1997 720 2052 artic.
741 2003 766 2053 3.
791 2015 817 2066 p.
836 2003 893 2051 244.
929 1996 986 2051 Do·

103 2068 149 2113 wa
166 2063 236 2117 enim
259 2063 330 2120 haec
373 2073 476 2121 otestas
501 2069 576 2137 λόγῳ
594 2068 752 2136 incarnato,
778 2066 827 2119 sed
851 2064 921 2134 ἥπερ
941 2064 986 2119 vel

104 2126 326 2202 “aliquatenus
366 2135 418 2189 lius
445 2136 563 2190 hominis
591 2143 633 2190 est
651 2142 680 2190 et
697 2136 740 2189 vir
764 2135 943 2189 resuscitatus
967 2153 986 2189 a

103 2198 197 2269 mauis,
212 2205 366 2256 carradam
384 2207 462 2272 qaod
472 2207 555 2274 filiae
574 2206 634 2258 Dei
649 2221 791 2272 coeperam
811 2205 920 2271 accepit
934 2222 987 2274 po·

103 2266 202 2342 Quum
211 2272 384 2341 judicandi,
410 2275 478 2342 quia
505 2292 563 2327 aaa
582 2292 649 2326 aare
675 2275 768 2327 caruit
779 2281 921 2341 pateatate
936 2275 986 2342 jat-

103 2330 208 2408 acaai,
232 2340 354 2407 nuqua.
375 2347 494 2399 enarrat.
521 2343 551 2396 in
603 2343 652 2395 sal.
673 2348 712 2396 14.
740 2347 759 2395 t.
780 2353 804 2397 a.
833 2360 861 2411 p⁴
881 2348 930 2397 s1o
949 2342 985 2396 D.

103 2397 186 2479 Efferat
222 2413 246 2464 2.
280 2411 329 2479 qui
361 2410 511 2465 humanam
546 2420 673 2465 naturam
706 2411 808 2464 sociam
851 2410 988 2463 duntaxat

102 2468 206 2544 humphi
222 2477 303 2531 istius
319 2478 450 2548 futuram,
472 2481 593 2533 divinam
611 2495 677 2533 vero
696 2496 779 2548 opera
793 2478 893 2549 judicii
912 2495 986 2533 seor·

103 2548 144 2594 'lm
157 2560 202 2614 per
219 2563 250 2601 sc
266 2547 354 2601 solam
373 2557 564 2603 exsecuturum
583 2565 642 2602 esse
666 2556 806 2616 asserunt,
828 2547 987 2603 Gorliccae.

103 2611 290 2735 ffiGosracr.
310 2615 341 2670 in
356 2615 403 2672 lib.
423 2617 557 2672 Concord.
579 2617 679 2686 disput.
705 2624 742 2671 13.
759 2615 791 2669 th
823 2623 861 2672 19.
882 2633 908 2684 p.
928 2621 987 2670 345.

156 2680 162 2692 '
186 2700 252 2738 vero
281 2690 440 2754 spectatum
468 2692 577 2740 tantum
604 2686 775 2739 adducturus
801 2684 836 2739 sit
860 2683 986 2738 Christus

103 2754 185 2805 itraam
211 2769 298 2806 suam.
342 2754 431 2808 Filius
457 2755 575 2809 hominis
597 2754 697 2809 reddet
713 2754 864 2823 unicuique
890 2768 986 2806 secun·
1082 2784 1085 2789 -

103 2806 149 2869 ium
162 2836 257 2890 opera,
277 2824 380 2877 Matth.
399 2827 449 2891 16,
469 2827 513 2879 27.
555 2824 610 2877 Per
632 2824 722 2875 virum
742 2823 919 2893 judicaturus
942 2825 985 2874 cst

104 2878 171 2957 lfbtm
188 2890 349 2960 injustitia,
367 2893 464 2949 Actor.
484 2895 526 2951 17,
544 2896 587 2944 31.
624 2894 736 2945 Errant
755 2897 778 2945 3.
797 2891 845 2960 qui
863 2889 983 2944 ministe-

104 2960 153 3007 ssau
166 2957 250 3012 solum
272 2966 413 3015 assumtae
434 2970 550 3016 naturae
573 2966 717 3031 arrogant,
738 2959 875 3029 judicium
894 2958 986 3026 ipsum

105 3010 224 3100 lappam,
248 3027 303 3095 ita,
325 3034 358 3082 ut
374 3031 466 3083 latura
489 3031 526 3084 sit
543 3047 611 3085 voce
627 3046 677 3082 sua
698 3027 862 3082 sententiam
876 3027 985 3097 judicii,

106 3078 173 3147 hung
187 3105 278 3151 autem
297 3097 334 3152 sit
353 3098 565 3152 manifestatum
583 3099 704 3152 omnium
724 3097 809 3150 corda
827 3105 854 3152 et
872 3112 984 3150 exsecu-

106 3150 151 3210 Νη
162 3178 208 3218 sna
222 3166 349 3235 potentia
370 3167 455 3221 latam
474 3168 645 3222 sententiam.
686 3165 830 3219 Admoait.
849 3167 986 3221 Neoatad.

108 3229 155 3279 tl,
174 3249 200 3300 p·
217 3240 256 3289 ²3.
276 3234 362 3289 Soka.
389 3237 482 3307 alleg.'
500 3237 552 3290 loc.
588 3235 674 3300 Quasi
701 3252 765 3289 vero
793 3236 870 3287 πᾶσα
897 3240 985 3307 κρίσις

108 3297 165 3350 We
175 3301 306 3369 judicium
328 3305 365 3359 sit
382 3306 489 3361 nudum
506 3314 535 3360 et
551 3323 657 3360 merum
676 3302 876 3372 ministerium.)

797 3396 822 3442 lc
