2250 3772
113 115 178 180 472
251 110 358 197 Caput
380 110 441 179 111.
484 111 538 175 Dc
560 111 703 177 oratione
725 110 892 180 dominica.

116 284 183 348 lum
203 305 269 347 ncn
289 291 395 367 potest
416 280 522 346 delere
543 291 728 366 peccatum,
758 280 818 345 sed
842 280 929 347 etiam
945 279 1019 365 ipsu

115 369 152 433 fit
172 358 206 433 in
225 379 400 516 pppccatum.
429 366 516 452 Aug.
537 366 572 431 in
592 388 678 430 enar.
701 367 755 431 Ps.
781 367 852 432 108.
873 379 895 431 t
913 366 937 431 8.
953 362 1019 430 ccl.

200 538 229 601 2.
272 535 359 615 Quia
384 558 449 600 non
470 546 583 621 petunt
611 536 726 600 devoto
757 537 864 602 corde.
909 534 1010 605 bafia

114 644 253 705 namque
280 621 384 686 cordis
414 632 476 697 est,
503 643 570 685 non
594 620 762 687 labiorum.
805 622 919 706 Neque
935 619 1009 686 enirn

114 708 213 771 verba
235 706 433 792 deprecantis
457 707 547 769 Deus
567 705 718 783 intendit,
747 707 805 770 sed
830 706 942 771 orantis
958 722 1010 769 cur·

114 791 257 941 adspiciig.
291 791 404 938 lssidcr.
426 791 520 876 Hisp.
542 790 598 856 lib.
614 792 642 856 3.
663 791 704 856 de
721 793 897 861 sum.,b0n.
911 790 1002 877 capi,

112 899 178 963 pag
199 962 228 1025 3.
273 958 361 1040 Quia
381 960 414 1023 in
436 960 574 1045 peccatis
594 973 809 1060 perseverant.
850 964 918 1030 Ubi
934 963 1001 1029 enin

114 1045 257 1132 operatio
278 1045 454 1129 iniquitatis
485 1046 639 1123 exstabit,
668 1046 734 1110 illic
759 1070 825 1112 non
851 1048 1003 1135 percipitur

114 1131 216 1195 oratic
239 1130 447 1216 deprecantis.
469 1131 573 1199 Hilar.
595 1131 629 1194 in
650 1131 705 1197 Ps.
726 1133 777 1198 54.
801 1142 822 1197 t.
844 1136 875 1200 2.
895 1158 924 1235 p.
944 1134 1000 1199 380.

198 1218 228 1282 4.
252 1215 338 1295 Quia
358 1217 392 1278 in
412 1216 561 1300 precibus
584 1217 749 1295 dubitant,
777 1217 852 1283 ideo
873 1220 918 1285 ml
935 1217 1000 1282 acci·

111 1300 214 1385 piunt,
236 1303 307 1368 Jac.
332 1303 361 1377 1,
383 1303 411 1364 ti.
435 1303 463 1366 7.
515 1301 643 1366 Timida
663 1303 748 1366 enim
776 1303 878 1368 oratio
899 1305 1002 1369 coelun

114 1408 178 1448 non
199 1396 352 1470 penetrat.
400 1385 576 1453 Bemhard.
606 1410 741 1454 sermon.
767 1390 799 1453 4.
830 1388 871 1453 de
892 1400 960 1457 orat
975 1398 1003 1453 et

107 1470 208 1553 jejun.
232 1471 291 1536 ccl.
311 1471 380 1536 114.
398 1471 436 1537 B.

121 1612 125 1619 .
198 1555 227 1620 5.
250 1553 338 1635 Quia
367 1555 504 1639 denique
533 1555 606 1620 ideo
630 1566 759 1642 petunt,
786 1569 823 1622 ut
850 1558 884 1622 in
906 1577 1004 1623 corut·

112 1639 276 1725 piscentiis
299 1640 364 1704 suis
387 1640 557 1717 insumant,
578 1643 650 1706 Jac.
672 1643 703 1718 4,
726 1643 756 1708 3.
823 1642 831 1649 “

179 1757 259 1812 Haec
288 1758 322 1811 de
348 1757 484 1827 oraticne3
511 1759 556 1812 cui
580 1774 643 1811 curn
670 1757 699 1810 in
732 1758 882 1830 scripturis
903 1759 1002 1814 addaiu·

107 1827 255 1896 jejunium,
272 1844 364 1896 pauca
381 1827 517 1896 subjicere
535 1827 649 1896 placuit.

379 2014 453 2079 DE
483 2013 754 2083 JEJUNIO.

344 2168 414 2233 130.
460 2165 543 2244 Quid
564 2181 607 2231 est
620 2170 783 2252 jejunium.

194 2284 362 2367 Jejunium
391 2294 438 2347 est
465 2284 566 2348 libera
593 2284 633 2347 ab
666 2286 753 2349 omni
785 2310 914 2373 prorsus
941 2282 994 2348 erbo

110 2367 311 2445 abstinentia,
335 2369 535 2432 ferventioris
557 2369 734 2433 devotionis
757 2373 870 2457 gratia,
891 2370 937 2436 vel
948 2366 995 2455 pri·

109 2464 182 2517 vato
206 2454 374 2537 cujuslibet
398 2454 545 2531 arbitrio,
566 2455 616 2518 vel
637 2455 767 2540 publico
789 2458 885 2540 hujus
906 2454 993 2519 illusve

110 2539 262 2602 ecclesiae
287 2539 430 2602 instituto
438 2587 447 2616 ,
470 2537 594 2622 quoties
617 2540 789 2604 necessitas
812 2542 857 2606 ita
877 2536 994 2628 postula·

107 2623 197 2700 verit,
216 2637 370 2708 suscepta.

181 2740 349 2811 (Descriptio
368 2742 515 2810 desumpta
534 2748 576 2795 est
599 2749 619 2795 t.
633 2741 669 2795 ab
682 2742 801 2812 objecto,
821 2735 992 2814 querentur

106 2807 236 2863 stinentia
253 2825 270 2863 a
287 2811 366 2878 cibe,
396 2810 555 2880 etquidem
586 2816 607 2864 1.
625 2828 680 2864 non
709 2811 745 2864 ab
768 2828 824 2865 uno
851 2812 895 2867 vel
919 2810 991 2881 altero,

105 2893 189 2931 carne
207 2878 324 2944 scilicet,
351 2879 422 2946 ovis,
446 2880 561 2948 butyro,
585 2878 746 2946 lacticiniis,
773 2880 852 2950 aliis,
875 2878 921 2935 sed
937 2884 990 2931 cmm

106 2961 225 3015 prorsus.
271 2948 405 3017 Jejunare
430 2947 503 3000 enim
545 2954 660 3038 erpetua
680 2948 841 3018 Scripturas
865 2944 949 3019 phrasi
969 2942 990 2993 ti

105 3019 263 3068 sanctorum
292 3024 348 3070 tam
367 3017 401 3071 V.
422 3033 505 3086 quam
524 2966 562 3072 b.
585 3017 613 3068 Γ.
637 3016 718 3085 praxi
744 3018 884 3088 significat
904 3021 988 3087 prcpffl

104 3079 141 3134 ab
159 3086 233 3135 omni
251 3083 313 3138 cibo
326 3085 472 3153 abstinere,
491 3085 549 3138 sive
566 3085 594 3137 id
607 3085 658 3138 fiat
673 3102 826 3155 perunum
842 3072 986 3205 dienassptwd

102 3151 285 3207 communiter
312 3170 330 3207 a
347 3154 450 3222 populo
468 3152 524 3208 Dei
549 3153 726 3209 observatum
745 3161 797 3223 ert,
816 3158 896 3212 Num.
943 3146 987 3217 ,ἵν’
