2250 3772
374 258 427 322 De
443 258 669 343 justificatione
832 262 835 267 ’
911 246 975 326 379

101 416 178 479 fidula
193 424 245 505 erit
262 413 294 479 in
310 424 460 482 voluntate.
491 426 566 492 Quid
582 428 656 499 quod
675 433 703 483 et
719 410 931 498 ipsc'macma's
947 429 978 483 in

96 494 170 616 'uit
187 495 568 686 'liittpbildtiiflle
580 497 978 636 ilalitlfilllilit‘i.

143 628 267 712 ‘fiduciam
282 631 317 688 de
337 631 467 688 niendam
481 632 629 707 ἀποτόμως
639 652 675 689 ne
696 642 752 704 ant,
799 635 907 689 cliuum.
919 635 937 689 l.
954 641 977 690 1.

105 712 129 778 ‘a
139 699 214 778 pastis.
232 717 255 754 c.
276 707 300 756 6.
318 707 337 756 t.
352 709 375 756 4.
394 702 444 756 col.
458 707 516 758 824.
527 703 560 759 Β.
592 703 652 757 Nec
665 652 761 779 obstac
775 711 797 758 l.
814 702 890 826 puod
907 702 978 758 fides

99 765 224 833 tabicam
247 775 277 825 et
299 768 404 831 fiducia
420 788 476 825 non
498 776 563 826 sunt
578 772 726 843 reciproca.
757 773 814 833 Bel
827 790 897 826 arm.
915 771 933 825 l.
955 778 976 829 1.

98 830 211 905 biretis.
232 854 292 909 cap.
313 846 336 895 5.
355 844 375 896 t.
395 845 420 894 4.
442 839 492 894 col.
505 845 562 896 820.
574 840 610 894 D.
622 858 671 912 seq
692 883 698 895 .
726 840 833 898 Conari.
849 842 978 895 Tridcot.

102 914 148 958 ass.
162 909 183 962 6.
200 923 260 962 can.
281 913 321 976 12,
358 908 405 961 uia
423 925 479 962 non
499 914 592 980 potest
628 927 659 964 ro
672 858 732 967 bde
750 908 846 980 accipi,
865 912 893 963 2.
912 908 977 964 Gor.

102 972 121 1037 1,
132 975 164 1027 15.
181 981 208 1030 et
225 979 269 1044 10,
291 980 326 1043 2,·
370 978 420 1032 bal.
439 981 466 1042 3,
486 982 513 1042 3,
530 995 582 1032 nec
620 978 668 1033 dee
685 996 736 1048 pro
752 978 864 1044 fiducia,
880 980 977 1033 Maro.

102 1040 177 1117 1,15,·
201 1046 295 1102 Ecod.
313 1048 361 1114 19,
378 1049 397 1098 9
402 1067 415 1115 ,·
435 1047 532 1104 Actor.
551 1049 660 1116 24,14.
695 1047 767 1104 Sunt
785 1047 857 1102 enim
877 1063 979 1128 scopae

99 1103 233 1182 desolatae,
262 1113 298 1169 ob
323 1112 527 1186 homonymiam
552 1116 682 1171 vocabuli
707 1115 774 1170 fidei
800 1122 828 1172 et
852 1115 979 1171 fiducrae.

101 1170 205 1259 0228210
230 1187 273 1237 eat
299 1181 335 1238 de
359 1181 415 1237 fide
437 1183 608 1254 justificante
634 1189 663 1239 et
687 1184 798 1239 fiducia.
840 1184 977 1266 Pleraque

101 1244 230 1305 armonia
246 1250 326 1306 illata
342 1256 430 1323 agunt
448 1253 483 1307 de
500 1252 667 1307 confidentia
677 1253 775 1324 quavis
789 1253 900 1322 carnali,
920 1269 977 1307 srve

102 1316 332 1376 consummate
351 1321 464 1393 agendi,
488 1322 533 1376 rel
558 1322 592 1376 de
614 1321 724 1392 objecto
745 1321 813 1376 fidei
831 1320 978 1388 communi,

101 1394 141 1437 mn
160 1387 268 1456 speciali
293 1394 323 1444 et
363 1405 395 1442 ro
414 1389 463 1445 rio.
499 1389 547 1446 Nil
573 1407 640 1462 ergo
665 1391 703 1445 ad
727 1390 882 1446 rhombum.
917 1393 978 1444 Nec

102 1450 192 1523 lquod
208 1455 312 1511 fiducia
336 1408 413 1512 a'ud
437 1457 507 1513 nihil
531 1458 569 1513 sit
593 1476 676 1531 quam
695 1477 759 1530 spes
775 1460 918 1529 roborata,
944 1476 978 1515 ex

101 1515 149 1577 Joi.
165 1528 185 1592 8,
204 1528 248 1578 24.
281 1526 420 1582 Bellarm.
437 1527 505 1582 ibid.
525 1528 575 1583 col.
594 1534 652 1583 824.
674 1529 709 1583 D.
750 1527 819 1599 Spes
845 1529 979 1584 animast

100 1581 177 1646 fiducia
192 1596 343 1649 secundum
361 1596 428 1666 quid
448 1601 472 1650 1.
490 1596 520 1650 in
538 1596 698 1668 significatu
713 1597 820 1666 latiori,
839 1603 977 1670 quatenus

100 1649 161 1714 fldem
174 1662 255 1717 etiam
274 1680 334 1718 com
354 1664 475 1731 lectitur,
493 1670 525 1719 ut
543 1682 607 1736 spes
623 1682 686 1720 mea
704 1665 844 1735 Christus,
867 1673 891 1721 2.
912 1682 978 1737 qua·

100 1724 159 1807 burs
172 1728 288 1787 fiduciae
304 1682 353 1788 eiip

100 1788 205 1869 Alioquin
230 1800 364 1856 differrmt
384 1802 507 1872 objecto:
529 1821 592 1885 spes
616 1809 659 1858 est
682 1803 853 1872 futurorum,
875 1801 978 1857 fiducia

100 1870 272 1987 mentium,
296 1886 396 1940 nempe
413 1878 565 1941 praesentis
582 1872 688 1944 gratiae
704 1872 733 1925 in
753 1870 863 1926 Christo
881 1887 979 1940 appra-

150 1934 178 1990 'o.
210 1939 272 1992 Nec
291 1945 315 1994 3.
352 1939 409 1993 uod
428 1939 531 1995 fiducia
543 1940 658 1995 effectus
681 1939 761 2007 fidei,
786 1941 860 2009 m.
878 1941 905 1999 3.
926 1944 978 2008 125

101 1996 190 2062 li'a'm.
206 2010 234 2071 3,
252 2010 296 2062 13.
348 2050 354 2062 .
372 2026 428 2064 non
446 2009 508 2079 ipsa
524 2008 600 2064 fides.
628 2010 710 2062 Idem
728 2007 798 2066 ibid.
812 2008 863 2065 col.
875 2006 977 2064 825.Α.

99 2060 239 2141 bunnar
264 2075 337 2130 enim
363 2077 485 2148 allegata
509 2077 585 2132 dicta
609 2077 645 2133 de
667 2083 816 2148 augmento
839 2083 867 2132 et
890 2076 979 2131 incre·

100 2146 169 2196 snb
182 2142 259 2213 iidei,
285 2162 358 2216 quae
381 2146 518 2201 exercitiis
542 2146 710 2218 quotidianis
733 2146 855 2201 evadunt
873 2146 980 2216 majora

100 2206 232 2291 ulabant
258 2231 322 2268 suos
347 2215 460 2285 gradus.
488 2216 557 2269 *Nec
583 2221 607 2271 4.
626 2214 701 2286 quod
727 2215 842 2270 suntin
864 2214 979 2271 diversis

100 2271 214 2346 ¹(bractis,
233 2282 339 2338 scilicet
356 2282 425 2338 fides
442 2283 472 2338 in
489 2289 595 2353 mente,
614 2289 642 2338 et
660 2283 763 2339 fiducia
780 2285 810 2338 in
829 2285 978 2339 voluntate.

99 2338 232 2428 Ropibid.
251 2351 301 2405 coi.
311 2356 369 2407 825.
380 2351 417 2405 D.
444 2354 511 2406 Noc
530 2353 603 2407 enim
619 2360 661 2405 cst
677 2354 882 2422 inconveniens,
893 2371 979 2406 unum

98 2404 196 2471 &marn
274 2437 320 2473 ere
339 2422 413 2474 etin
434 2422 545 2475 ratione
562 2429 588 2474 at
604 2422 634 2474 ic
649 2423 800 2476 voluntate.
824 2424 980 2475 Benacect.

99 2478 186 2540 tam
226 2488 268 2542 'st
288 2493 329 2544 25.
348 2506 392 2560 qu.
412 2494 436 2544 2.
472 2489 518 2545 Sic
536 2495 564 2544 et
581 2489 699 2544 liberum
720 2489 873 2559 arbitrium,
892 2495 920 2544 et
938 2505 979 2542 re·

113 2612 119 2627 ,
176 2556 214 2611 tio
232 2562 276 2612 cat
293 2557 323 2611 in
341 2563 434 2612 mente
451 2564 479 2612 et
495 2558 646 2613 voluntate.
672 2560 733 2613 Neo
746 2566 770 2616 5.
786 2558 861 2629 quod
876 2556 980 2613 habent

207 2625 331 2695 objecta:
357 2624 426 2681 fides
447 2627 553 2682 scilicet
579 2626 671 2683 omnia
694 2627 833 2682 credenda
876 2624 980 2679 fiducia

98 2678 177 2747 bbn'sfi
198 2699 308 2749 tantum
333 2695 469 2754 meritum.
508 2696 677 2750 Bellarmin.
703 2696 750 2750 lib.
779 2702 800 2751 1.
830 2667 865 2750 de
889 2692 979 2774 justif.

97 2764 142 2837 flp.
158 2768 179 2817 b.
203 2768 224 2817 t.
245 2769 270 2817 4.
295 2763 347 2818 col.
365 2769 423 2820 823.
444 2764 479 2818 Α
501 2769 530 2819 et
550 2781 573 2818 c.
593 2770 617 2820 8.
641 2764 693 2818 col.
713 2769 770 2820 828.
789 2763 821 2821 C.
860 2762 981 2818 Solutur

98 2832 151 2882 hm
165 2831 302 2886 axiomata
324 2833 405 2886 tutio
427 2839 532 2903 quaest.
556 2833 684 2903 praeced.
723 2832 808 2887 Fides
821 2830 979 2902 justificans

95 2900 271 2970 nempponit
287 2899 372 2955 fidem
389 2901 520 2956 historiae
540 2902 696 2972 generalem
715 2907 744 2956 et
760 2900 832 2955 hanc
852 2900 888 2953 ad
905 2899 979 2970 prin-

148 2983 191 3022 em
203 2984 320 3039 scopum
333 2969 500 3040 Scripturae,
520 2970 728 3041 promissionem
747 2969 853 3023 sedicet
873 2968 980 3040 gratiae

159 3081 165 3095 .
201 3040 315 3092 Errant
340 3044 364 3093 2.
387 3039 453 3093 novi
469 3040 648 3108 Photiniaci,
674 3039 722 3109 qui
745 3035 829 3091 fidem
853 3040 980 3091 asserunt

92 3110 140 3157 lta-
155 3106 244 3160 solum
270 3122 330 3161 esse
347 3106 477 3162 fiduciam
496 3108 526 3162 in
545 3107 649 3174 Deum,
677 3106 726 3161 sed
749 3106 831 3159 etiam
850 3105 980 3160 obedien·

90 3166 231 3247 herga
254 3166 345 3247 legem
369 3182 397 3230 et
420 3192 453 3231 ea
479 3193 551 3248 quae
570 3192 621 3247 per
640 3175 778 3231 Christum
801 3175 858 3247 legi
874 3174 979 3229 addita.

89 3235 185 3300 tucca
204 3246 310 3299 nacon.
330 3244 365 3300 de
384 3243 431 3300 fid.
450 3262 509 3316 cap.
527 3252 634 3317 apag.
654 3247 724 3312 281.)

343 1738 434 1788 ectum
446 1737 475 1788 et
484 1732 553 1789 fides
567 1734 627 1805 spei
644 1734 719 1790 basis
731 1740 781 1802 est,
798 1735 884 1789 Hebr.
898 1738 976 1803 11,1.
1094 1750 1100 1759 ·
