2250 3772
122 255 188 321 294
263 253 371 340 Caput
390 255 433 322 II.
477 256 530 319 De
552 254 699 339 symbolo
721 256 905 341 apostolico.
993 310 995 317 .

122 423 166 479 bis
205 423 295 494 roprie
313 423 484 479 intercedere
503 430 675 495 pernegant,
693 425 797 493 catech.
817 420 995 479 Buconica

125 509 172 546 cer
192 498 228 547 ot.
248 492 347 547 Christ,
374 491 447 546 offic.
474 509 526 562 cap
559 498 595 546 13.
622 510 687 564 pag.
707 499 765 547 334.
783 498 882 548 contra
897 491 995 546 lucident

123 561 284 615 testimonia
303 568 326 615 1.
345 562 412 616 Job.
430 564 456 630 2,
475 565 507 628 1,·
526 563 605 616 Rom.
629 572 661 630 s;
680 562 768 616 Hebr.
787 566 818 629 9,
832 565 875 614 24.
893 567 942 616 eto.
967 558 995 611 Er

123 636 190 683 rant
214 636 237 684 3.
259 629 435 697 Caloiuiaar',
460 630 508 701 qui
534 630 760 684 intercessionem
778 629 882 685 Christi
904 630 939 684 ad
956 626 995 682 rob

125 698 227 753 electos
250 698 429 769 restringunt.
472 699 578 752 Piscat.
603 698 709 768 analys.
736 716 760 753 c.
782 706 821 754 Π.
846 699 909 754 Joh.
931 698 995 752 obst

126 783 160 821 ex
176 784 248 821 vers.
265 774 290 824 9.
308 786 335 838 p.
355 776 413 822 340.
450 767 501 820 Est
520 767 593 820 enim
611 768 772 822 intercessio
788 768 844 822 ista
860 768 906 823 vel
921 780 995 837 parur

125 836 172 904 lia,
190 853 246 906 qua
263 852 315 890 ceu
332 836 458 916 pontifex
476 836 640 890 universalis
659 852 709 905 pro
728 842 786 891 toto
805 837 995 908 generabamur

124 910 193 968 orat,
214 904 287 959 sicut
304 913 387 959 etiam
405 922 454 974 pro
473 905 741 974 praevaricatoribus
758 908 856 975 oravit,
874 904 995 966 Eadm

125 979 153 1026 et
170 990 221 1043 pro
242 973 450 1029 crucifixoribus
468 973 534 1042 suis,
554 977 622 1027 Luc.
635 977 682 1042 23,
696 977 740 1039 31,
757 980 785 1028 et
821 992 852 1029 ro
868 972 995 1029 inimicius

126 1043 349 1112 persecutoribus
366 1043 466 1097 nostris
485 1059 535 1096 nos
555 1058 633 1096 orare
649 1042 749 1113 jussit,
803 1045 872 1098 aab.
891 1047 917 1111 5,
932 1046 960 1095 u
986 1055 995 1092 r

127 1110 212 1164 simus
229 1112 295 1165 unu
310 1111 404 1166 Patris
424 1111 558 1175 eoelestis,
577 1127 603 1163 v.
619 1118 660 1165 rs.
688 1111 742 1166 vu
755 1113 891 1181 peccaro
908 1116 935 1166 a
949 1080 995 1181 pin

125 1184 242 1262 paterna
260 1197 310 1250 pro
333 1180 463 1234 fidelibus
482 1187 510 1234 et
531 1180 635 1248 electis,
654 1181 808 1249 Joh.17,9
825 1186 854 1237 et
870 1198 942 1303 seqq.
967 1176 995 1233 Ht

122 1266 169 1319 Jus
187 1255 315 1318 respectu
337 1249 405 1303 dicit
427 1266 456 1304 se
480 1265 536 1302 non
559 1266 637 1302 orare
660 1266 711 1318 pro
734 1250 854 1319 mundo,
878 1246 995 1304 ib1.illtr

125 1329 254 1387 respectu
273 1319 317 1371 bis
336 1334 428 1372 orasse
448 1318 552 1388 legitur
569 1335 620 1386 pro
640 1318 758 1385 mundo,
782 1318 852 1373 ibid.
871 1336 939 1374 vers.
954 1321 995 1371 itt

126 1403 202 1456 seqq.
240 1387 297 1440 Alii
317 1386 363 1439 hic
382 1393 457 1441 recte
477 1387 560 1440 etiam
581 1386 758 1457 distinguunt
778 1387 852 1442 inter
868 1387 995 1443 voluntate

128 1456 338 1509 antecedentem
357 1461 385 1510 et
401 1461 618 1527 consequentem
636 1461 699 1521 etc.)

212 1591 241 1656 8.
278 1589 442 1668 Quodnam
465 1605 508 1655 eat
530 1593 665 1677 officium
688 1591 804 1657 ΟΙινὶειὶ
824 1591 958 1677 sepium?

192 1702 269 1777 Est,
290 1723 353 1785 quo
375 1701 482 1765 omnia
503 1700 537 1764 in
559 1702 648 1766 coelo
675 1712 706 1765 et
729 1703 763 1766 in
785 1712 871 1767 terra
894 1710 995 1787 potent

125 1786 298 1871 gubernat,
326 1786 470 1871 inprimis
496 1809 571 1850 vero
598 1786 766 1852 ecclesiam
787 1810 880 1851 suam
899 1786 995 1874 regite

128 1871 278 1936 defendit.

198 1972 301 2042 (Hujus
323 1971 407 2026 officii
425 1977 555 2042 respectu
581 1973 684 2027 dicitur
707 1990 769 2041 rex,
798 1975 898 2027 Ezecb.
917 1938 995 2045 3224

128 2042 178 2094 Ea
189 2045 235 2109 33,
244 2045 283 2093 22
288 2062 301 2106 ;
317 2043 364 2094 Pa.
373 2044 399 2100 2,
410 2044 443 2105 6,·
462 2043 550 2096 Zacb.
568 2046 594 2105 9,
605 2046 623 2096 9
629 2064 639 2110 ;
665 2043 803 2122 princeps,
817 2043 917 2125 Ezccb.
927 2042 995 2131 dm:

128 2109 275 2230 iibri?
295 2113 322 2231 ‘i’
344 2112 643 2234 'ciretzMa‘m'l'didd
661 2112 842 2233 hidnddtitf'r’
860 2112 995 2233 diffidi

130 2217 293 2324 pellation’es
313 2220 422 2327 dhristo
446 2221 475 2301 in
493 2220 654 2328 'scripturis'
667 2219 816 2303 attributas
840 2198 995 2319 geminaret

131 2312 253 2434 0ξὲἓέἓὲ
273 2320 429 2437 rpgnpptipt
443 2317 729 2442 sacerdopalessrmuh
749 2317 885 2440 {nasim
903 2317 995 2439 etffi:

130 2399 197 2575 εἴασέ
217 2400 291 2574 ᾳιιίἱ
299 2401 473 2576 inppoptdsiiir
489 2403 605 2591 θτιξςιὲιῇ,
630 2402 801 2510 ddeddddtdd
825 2403 995 2526 estsuprgphm

128 2536 230 2575 uncus
249 2536 300 2576 es.
364 2541 373 2575 1
395 2540 518 2592 esupra.

278 2643 306 2707 9.
346 2641 518 2726 Quotupleu
544 2656 587 2706 est
608 2667 735 2727 requam
758 2642 898 2708 Curiati?

130 2741 277 2827 Triplex:
303 2745 330 2807 1.
353 2765 488 2827 regnum
508 2745 679 2828 potentiae.

214 2829 244 2894 2.
266 2828 416 2912 Regnum
439 2829 569 2913 gratiae.

214 2914 244 2978 3.
265 2913 417 2998 Regnum
437 2913 568 2997 gloriae.

199 3031 377 3097 (Distributio
396 3029 465 3083 haec
484 3030 601 3083 sumitur
614 3046 629 3082 e
641 3030 782 3099 subjectis.
813 3030 870 3086 Vel
887 3029 957 3084 enim
970 3038 995 3102 eq

130 3099 268 3154 sideratur
288 3101 317 3154 in
335 3101 387 3153 hac
407 3104 516 3157 tantum
532 3100 598 3167 vita,
618 3104 646 3152 et
658 3100 760 3152 dicitur
773 3116 891 3170 regnum
903 3098 995 3173 potenti*

131 3176 160 3221 et
179 3170 299 3239 gratiae3
321 3169 366 3222 vel
384 3168 413 3221 in
430 3167 517 3221 altera
538 3167 609 3229 vita,
630 3174 658 3221 et
676 3168 777 3221 dicitur
794 3187 824 3222 re
847 3187 912 3222 num
929 3166 995 3239 glou

132 3235 195 3291 Non
215 3239 290 3308 quod
307 3237 384 3291 aliud
402 3244 486 3306 atque
504 3236 580 3289 aliud
598 3237 633 3289 sit
652 3254 776 3306 regnum,
797 3186 847 3292 sed
866 3243 995 3307 proptera

132 3305 341 3363 ministrationis
358 3307 454 3361 modos
474 3305 606 3361 diversos.
640 3306 724 3359 Idem
739 3307 848 3360 ebriari
863 3294 995 3376 repauset
