2250 3772
104 241 169 308 532
276 237 383 327 Caput
403 241 444 307 V.
487 240 541 304 De
560 259 661 303 coena
680 238 854 305 dominico

105 431 164 496 pro
186 408 277 472 vobis
299 408 400 474 detur.
440 410 514 473 Hoc
533 408 627 473 facite
649 406 684 471 in
703 407 770 473 mei
792 422 1004 476 commemorn-

103 495 233 558 tionem.
987 516 992 525 ·

192 592 348 659 Similiter
371 606 403 657 et
423 603 595 680 postquam
621 594 783 672 coenavit,
812 588 948 683 accepto·
964 616 1006 659 ct·

105 680 178 756 lice,
200 701 273 743 oum
288 679 407 764 gratias
423 679 551 764 egisset,
575 678 663 743 dedit
678 679 755 757 illis,
769 680 898 745 dicens:
920 678 1006 745 bibite

105 787 147 828 ex
168 763 229 828 hoo
251 786 378 840 omnes,
399 764 451 828 hio
473 763 557 828 culix
567 763 697 829 Novum
711 765 955 831 Testamentum
967 774 1006 829 est

104 848 140 912 in
160 872 232 912 meo
254 849 427 935 sanguine,
449 848 504 933 qui
525 871 584 934 pro
605 850 697 914 vobis
719 849 898 916 effimditur
917 851 950 915 in
967 871 1008 913 re·

103 933 289 998 missionem
303 946 515 1019 peccatorum.
546 936 621 997 Hoc
635 934 742 1012 facite,
766 937 1007 1022 quotiescunque

106 1018 262 1095 biberitis,
282 1019 317 1082 in
337 1019 400 1083 mei
421 1020 765 1085 commemorationem.

177 1160 321 1225 (Definitio
344 1160 419 1230 prior
441 1166 483 1214 est
506 1162 628 1215 Letheri
668 1161 807 1231 posterior
833 1179 868 1217 ex
892 1160 1007 1233 chsdit

104 1230 257 1284 llassiact's
276 1230 433 1298 desumpta,
456 1229 503 1283 fot
528 1236 585 1288 151.
625 1202 654 1286 rii
673 1231 715 1283 vis
733 1244 791 1301 seq.
818 1230 907 1286 adde:
933 1246 1007 1285 eoem

104 1301 248 1354 dominica
271 1307 312 1351 est
333 1300 452 1351 ulterwm
474 1300 511 1354 N.
533 1300 606 1354 Test.
632 1307 844 1352 sacramentum
867 1317 888 1352 a
909 1298 1007 1353 Otene

108 1370 273 1431 institutum,
291 1369 322 1420 irs
340 1384 394 1436 quo
414 1384 476 1419 eum
485 1385 563 1436 pane
578 1368 721 1421 benedicto
733 1384 842 1437 corpus
851 1386 933 1421 suum
942 1385 1006 1420 mcc·

105 1438 283 1503 ducendum,
309 1443 336 1488 et
362 1454 424 1488 cum
446 1437 510 1489 vino
530 1437 674 1491 benedicto
693 1437 864 1506 sanquinem
878 1455 958 1491 mmm
975 1434 1006 1487 di·

105 1506 227 1559 wadum
239 1503 369 1557 &tristes
379 1520 444 1558 vere
462 1504 578 1573 cuilibet,
596 1506 627 1558 in
642 1503 733 1574 ipsine
746 1508 926 1574 omniumque
940 1505 1006 1558 tow

103 1574 235 1640 fictorum
254 1573 317 1641 ejus
334 1573 559 1627 recordationem
583 1581 609 1627 et
628 1574 774 1641 efficacem
790 1573 1006 1644 obsipnuttbm

103 1641 259 1707 Definitum
286 1647 329 1695 est
353 1658 441 1695 coena
462 1641 622 1710 dominica,
651 1641 692 1696 sic
719 1641 797 1696 dictu
822 1642 861 1698 ub
885 1643 1005 1712 sps-uto

105 1716 131 1765 1.
157 1711 281 1765 Corinth.
306 1713 352 1775 11,
377 1713 423 1764 20.
459 1710 546 1779 Cujus
571 1711 678 1764 notatio
700 1711 783 1765 modo
812 1711 908 1781 posits
934 1718 953 1767 1.
973 1709 1003 1765 rb

107 1781 242 1851 adjuncto
260 1788 394 1848 tempore,
413 1784 436 1858 2
449 1796 467 1832 a
479 1796 564 1860 cause
583 1778 722 1859 efficiente
740 1796 877 1860 procrqsu
932 1796 1004 1860 quqrq

105 1854 317 1985 iiiiii&
330 1846 392 1969 tt.
406 1863 448 1975 3¹1⁰.
462 1848 933 1987 itimdtsqiinifiimiiiiiss
948 1863 1005 1972 tt

105 2003 187 2059 poro,
217 1986 293 2056 quod
317 1984 415 2039 diebus
434 1993 466 2038 ut
489 1985 639 2054 plurimum
664 1985 810 2039 dominicis
835 1985 1004 2041 eelebruriiu

105 2056 223 2112 ecclesia
248 2054 401 2124 apostolice
426 2054 627 2122 consuevisset,
654 2055 752 2107 Actor.
772 2057 823 2122 20,
845 2060 868 2109 7.
907 2055 1004 2109 Dicitur

108 2132 131 2182 2.
152 2141 257 2191 mensa,
276 2126 300 2175 1.
317 2122 382 2176 Cor.
400 2126 444 2189 10,
462 2126 507 2192 21,
525 2128 673 2193 metonym.
690 2121 808 2192 subject.
827 2140 879 2193 per
897 2138 1004 2193 compu.

105 2193 185 2248 simil.
206 2192 272 2272 quia
288 2190 425 2244 Dominus
440 2191 487 2244 hic
507 2191 600 2246 cibum
619 2196 647 2246 et
663 2196 775 2261 potum,
793 2198 880 2262 prout
896 2192 926 2246 in
941 2208 1003 2246 meu·

106 2262 144 2315 sis
161 2260 222 2315 fier1
242 2259 392 2327 consuevit,
412 2259 561 2329 dispensat.
598 2260 706 2313 Dicitur
726 2264 750 2314 3.
770 2262 941 2329 communio,
958 2274 1003 2314 me·

106 2335 211 2400 tonym.
224 2329 313 2382 effect.
333 2328 407 2398 quin,
425 2328 474 2398 qui
494 2335 665 2382 sacramento
682 2328 736 2382 hoc
750 2335 877 2398 utuntur,
896 2327 1004 2400 corporis

107 2406 136 2456 et
154 2416 203 2452 sun
245 2397 297 2450 inis
308 2396 421 2450 Domini
435 2397 585 2467 participes
600 2397 763 2453 redduntur.
791 2397 877 2454 Unde
895 2406 925 2454 et
938 2404 1004 2455 utun·

106 2476 148 2523 tes
173 2483 206 2521 eo
227 2483 271 2520 em
297 2466 531 2520 communicantes
559 2466 743 2537 appellantur.
779 2465 895 2521 Dicitur
915 2474 939 2523 4.
956 2468 1004 2520 Dr

106 2537 246 2592 charistia
264 2552 282 2589 a
298 2533 366 2599 fine,
388 2541 503 2615 propter
526 2535 678 2614 gadarum
699 2533 852 2616 sotionem,
878 2536 939 2593 sine
959 2549 1005 2607 qut

107 2604 242 2661 celebrari
259 2620 346 2658 coena
363 2609 468 2673 neqmt.
504 2602 614 2658 Dicitur
632 2611 656 2658 5.
677 2602 807 2672 Syriacis,
826 2619 886 2658 sive
904 2618 1004 2675 congre·

107 2675 185 2798 gii
209 2681 230 2796 ἓ·
241 2672 277 2794 ²1¹³
295 2672 523 2795 idj'tiiii’equii
539 2673 700 2797 Domini?
707 2672 1005 2797 3331„th

106 2759 343 2882 {itepiinieirun
360 2781 566 2890 congressurim²
585 2782 610 2864 3'.
627 2784 661 2864 ai>
679 2780 807 2880 adjuncti
822 2758 901 2893 <iiiia
908 2761 1004 2882 simio

106 2882 164 2935 lum
186 2885 228 2935 est
245 2881 447 2949 conjunctionis
465 2878 698 2942 Christianorum,
723 2882 747 2931 1.
767 2877 894 2934 Connus
912 2882 955 2943 10,
970 2882 1004 2933 11.

83 2962 86 2969 ’
106 2950 217 3004 Dicitur
232 2954 255 3002 6,
273 2947 440 3002 eveteribus
453 2945 556 3029 tyrini,
575 2947 667 3016 idest,
685 2947 804 3014 dilectio,
822 2965 842 3002 e
854 2947 918 3017 fine,
936 2944 1003 3020 quusi

109 3018 214 3073 diceres
236 3033 346 3069 sacrum
369 3015 526 3070 convivium
547 3015 739 3071 testificandae
762 3015 908 3072 charitatis
931 3024 958 3072 et
972 3013 1004 3069 di

106 3086 232 3142 lectionis
256 3085 349 3157 gratie
370 3085 538 3142 institutum.
573 3084 702 3156 Itemque
728 3091 752 3139 7.
769 3085 954 3157 metonymice
967 3082 1004 3139 oi

105 3157 192 3224 latio,
219 3160 333 3224 propter
350 3153 518 3223 oblationes,
542 3154 674 3209 collectus
692 3157 722 3208 et
740 3153 920 3223 donationes,
944 3166 1004 3226 quus

105 3223 212 3279 fiebunt
228 3224 258 3277 in
277 3240 357 3276 usum
376 3238 432 3292 pau
454 3239 538 3278 erum.
574 3220 644 3277 Item
673 3227 696 3277 8.
715 3221 906 3293 metaphorice
927 3220 1002 3277 sueri

97 3292 213 3362 ficium,
236 3292 330 3345 hostia
353 3298 382 3347 et
399 3241 593 3347 doioeaustum
608 3298 722 3363 propter
739 3307 838 3362 preces
854 3298 884 3349 et
900 3298 1003 3348 cerunt
