2250 3772
107 221 169 286 146
345 220 452 307 Caput
470 219 496 284 I.
540 220 593 285 De
615 220 780 307 decalogo.

110 389 182 445 tium
200 390 273 445 inter
291 394 399 445 sextum
416 394 445 443 et
457 388 604 458 septimum
616 394 804 460 praeceptum.
833 389 951 443 Mesoa.
962 382 1030 443 vi!

108 459 161 514 dic.
179 477 207 530 p.
227 463 286 513 266.
321 458 399 533 Scio,
424 458 473 512 sed
492 463 586 513 tamen
605 458 737 513 mendum
756 456 811 513 hoc
832 463 876 513 est

105 528 219 653 phileum
243 528 273 581 in
296 527 438 597 plerisque
461 527 664 596 exemplaribus
682 526 863 581 nostratibus.
925 542 972 581 am

168 597 273 652 cretica
291 594 420 663 editione,
439 612 511 665 quae
528 602 662 666 tanquam
678 612 776 650 norma
787 601 961 650 caeterorum
972 593 1030 648 h

106 667 196 727 betur,
214 670 290 720 recte
304 663 332 717 id
348 679 507 733 expressum
518 670 569 719 est
601 663 722 718 Proinde
735 663 783 735 qui
795 664 1030 734 conjunctione

105 735 203 789 horum
246 739 437 801 raeceptorum
461 732 490 786 in
516 750 602 786 unum
625 733 792 787 versiculum
809 733 886 802 apud
902 730 1030 803 Moy*

107 808 204 858 contra
242 801 428 855 'stinctionem
448 800 630 857 bancinscite
641 808 750 873 urgent,
769 801 860 856 tallac.
875 812 1030 871 comperi

106 877 135 927 et
153 871 233 927 divis.
253 869 433 939 decipiuntur.
469 871 530 924 Nec
549 875 573 925 2.
593 871 692 939 obstat,
710 870 786 940 quod
804 870 913 924 Paulus
931 876 1030 925 tot-

107 944 265 995 contextum
283 938 388 1009 Moysis
406 955 462 992 uno
482 944 631 1009 praecepto
649 938 855 1009 complectitur:
883 955 942 992 non
958 948 1029 993 c:

107 1009 251 1079 cupisces,
277 1009 356 1061 Rom.
379 1013 401 1075 7,
424 1009 445 1062 7.
464 1016 491 1062 et
510 1011 553 1070 13,
572 1011 598 1065 9.
639 1007 730 1061 Urm'a.
749 1006 848 1077 explic.
867 1006 976 1061 catech.

108 1084 166 1133 825.
204 1076 255 1130 Eat
274 1075 347 1130 enim
368 1075 471 1130 elench.
493 1092 601 1131 causae.
638 1075 744 1130 Paulus
764 1076 838 1130 enim
858 1074 1029 1145 simplici*

107 1146 174 1202 citat
199 1144 305 1213 absque
327 1144 469 1199 additione
495 1144 763 1199 circumstantiarum
790 1150 818 1200 et
845 1145 1029 1214 objectoris

106 1230 195 1269 concu
216 1213 347 1268 iacentiae
366 1213 401 1267 de
420 1213 509 1281 domo,
526 1231 626 1281 uxore,
644 1230 723 1269 servo
744 1219 795 1268 etc·
813 1213 885 1267 citra
902 1223 1029 1284 quor·

106 1282 184 1339 consi
204 1282 355 1337 cretionem
380 1298 437 1335 una
461 1289 490 1336 et
513 1282 610 1336 eadem
637 1287 679 1336 est
703 1281 848 1352 utriusque
876 1297 1025 1352 praeceL

107 1353 192 1419 ratio,
219 1368 282 1405 cum
302 1351 330 1403 in
349 1366 451 1421 genere
471 1351 480 1403 i
501 1367 559 1405 sam
579 1349 819 1421 concupiscentiae
837 1350 975 1433 originem

106 1420 230 1475 radicem
248 1420 369 1473 damnet.
405 1369 500 1485 Quidl
526 1419 601 1489 quod
622 1420 691 1472 baec
717 1420 782 1488 ipsa
802 1427 962 1499 praecepta

107 1492 198 1556 domo,
218 1505 313 1555 auore,
331 1505 411 1542 servo
429 1495 477 1541 etc.
497 1489 587 1540 malta
605 1488 751 1542 involucro
763 1490 944 1541 conterebant
955 1488 1029 1541 liz

95 1554 199 1681 'titt
216 1556 628 1680 ttsttttt'ttttildttt
645 1557 908 1680 “imitati
924 1570 1028 1679 3335

108 1694 307 1753 Sabbatharios
325 1665 391 1748 tsi.
411 1692 505 1748 Germ.
520 1643 636 1749 deneas:
654 1659 675 1748 f‘
693 1698 735 1749 tt.
750 1693 777 1748 b.
846 1711 877 1747 ec
897 1699 921 1748 3.
943 1700 1028 1748 aur

107 1764 205 1819 ritates
227 1763 398 1818 Judaeorum
423 1762 572 1832 quicquam
596 1762 719 1821 obstant,
751 1763 844 1816 Ursis.
868 1762 896 1818 d.
914 1767 1028 1817 cate&

130 1876 135 1887 .
155 1838 214 1889 825,
232 1835 346 1886 Mosco.
365 1831 439 1887 vind.
457 1836 517 1886 270.
537 1847 600 1884 cum
617 1848 673 1884 non
692 1831 856 1899 videndum,
880 1830 950 1902 quid
966 1831 1028 1900 ipa

106 1852 308 1969 distribuerint,
325 1900 375 1954 sed
391 1917 459 1953 num
476 1905 551 1953 recte
563 1904 590 1954 et
602 1916 667 1954 vere
680 1899 878 1956 distribuerint.
907 1902 1028 1955 lima

106 1971 193 2042 igitur
209 1978 372 2037 novatores,
396 1969 445 2039 qui
468 1967 672 2021 distinctionem
690 1967 762 2023 hanc
787 1968 853 2023 noni
874 1974 902 2023 et
919 1966 1028 2023 deci!

106 2039 248 2110 praecepti
267 2038 343 2091 irrito
360 2040 463 2091 conatu
482 2037 655 2107 impugnant,
673 2040 770 2091 contra
785 2054 856 2107 quos
867 2036 924 2091 alia
937 2042 1028 2108 arg⁴

107 2115 200 2163 menta
218 2116 246 2161 et
264 2106 386 2160 rationes
408 2122 424 2159 e
446 2104 634 2159 fundamentis
652 2105 778 2159 hebraeis
797 2105 918 2160 deducta
936 2122 954 2159 a
972 2115 1028 2159 us

105 2176 239 2230 stratibus
265 2175 381 2244 prolata.
429 2173 474 2227 De
502 2173 593 2254 quibis
617 2173 681 2228 vide
705 2176 763 2229 Da.
785 2175 916 2229 Obsmuit.
937 2174 970 2228 L
988 2184 1025 2217 ν

106 2251 177 2314 part.
197 2251 221 2298 2.
240 2260 264 2297 o.
284 2250 307 2298 7.
325 2261 353 2312 p.
373 2248 414 2298 98.
451 2242 539 2296 Nobis
557 2242 727 2312 simpliciora
745 2242 814 2296 haec
832 2240 1027 2309 sufficiantfl

107 2365 158 2429 95.
195 2365 327 2425 Rectene
352 2362 425 2426 laec
453 2366 490 2426 de
517 2364 759 2453 coricapisceatt'a
781 2376 953 2447 praecepta
974 2386 995 2425 a
1025 2400 1027 2405 ·

413 2448 485 2508 timo
508 2447 572 2513 loco
588 2445 712 2532 posita?

192 2566 294 2626 Recte.
328 2560 415 2642 Quia
431 2564 458 2626 1.
473 2563 730 2648 concupiscentia
745 2563 912 2649 originalis
926 2564 1027 2650 ignoe

107 2650 170 2714 tior
184 2648 282 2733 vulgo
301 2659 349 2711 est
362 2648 500 2733 peccatis
516 2648 704 2725 actualibus,
726 2648 910 2726 homicidio,
928 2641 1027 2715 adul!

107 2734 197 2810 terio‚
213 2733 298 2796 furto
308 2745 366 2796 etc.
377 2732 644 2817 praecedentibus
652 2734 830 2819 praeceptis
839 2734 1027 2818 prohibiti&

192 2816 279 2898 Quia
304 2818 334 2885 2.
364 2829 535 2903 praecepta
561 2818 640 2882 haec
672 2818 885 2882 universalem
919 2820 1006 2885 conti

104 2915 183 2968 nent
201 2902 458 2987 declarationem,
474 2904 567 2986 juxta
586 2925 683 2986 quam
697 2903 881 2967 obedientia
894 2902 1026 2983 interne

14 2998 18 3005 '
105 2989 248 3053 omnium
268 2987 464 3069 reliquorum
477 2999 720 3073 praeceptorum
735 2988 895 3052 aestimari
918 3011 957 3052 ac
972 2990 1026 3054 di-

99 3074 240 3157 judicari
261 3073 366 3139 debet.

175 3190 270 3255 (Ratio
291 3196 313 3247 1.
331 3188 486 3243 desumitur
502 3204 520 3240 a
537 3185 627 3240 forma
645 3188 748 3242 ordinis
764 3190 898 3243 naturalis
916 3208 1026 3263 cogno-

105 3259 210 3327 scendi,
232 3276 286 3329 quo
304 3257 481 3328 procedimus
498 3255 527 3309 in
545 3256 619 3310 omni
638 3256 755 3312 docendi
774 3274 892 3328 genere,
912 3277 931 3314 a
947 3262 1026 3316 notis
