2250 3772
372 236 588 305 Deeoelesia.
718 272 744 305 ,ι-
869 236 934 303 339

64 415 151 489 potest,
168 404 203 470 id
221 404 311 491 quod
330 416 363 471 et
386 406 568 493 Scriptura,
589 416 621 472 et
640 403 807 481 historiae,
826 413 859 468 et
878 425 934 468 ex·

64 490 181 573 parientia
199 491 370 579 perspicue
392 504 567 559 testantur.¹
648 504 652 513 '

106 608 152 675 (De
168 608 308 663 distinctis
323 607 452 664 distincte
472 615 515 665 est
530 608 762 691 respondendum.
791 605 934 664 Ecclesiae

64 690 131 733 um
146 682 188 732 eat
203 677 369 749 polysemon
386 684 415 732 et
429 679 505 733 varie
523 678 672 749 accipitur,
692 676 769 731 varie
788 676 934 749 distingui·

64 747 101 815 tr,
117 745 184 801 dont
199 762 286 817 snpra
302 750 437 800 notatrim.
473 747 564 828 Igitur
586 753 612 806 1.
634 762 687 802 nee
705 744 822 801 eeclesia
838 747 934 800 trium·

64 810 136 883 pana,
157 832 209 871 nee
233 814 398 870 aniversalis
422 815 568 871 invisibilis
595 819 677 871 errat.
721 813 775 869 Illa
800 814 873 870 enim
896 814 933 870 ab

64 882 111 935 nni
122 884 218 939 aroris
233 889 312 939 metu
329 883 430 952 libera,
448 884 709 940 haeo'infallibilem
745 883 934 939 romisaiouem

64 948 156 1074 aa
530 952 934 1091 ..ι

64 1060 261 1160 hnuiipsam
268 1090 467 1160 praevalerent,
486 1091 560 1162 quod
570 1062 647 1145 eum’
661 1090 821 1144 remissione
831 1089 935 1144 Christi

64 1162 178 1228 temet,
199 1159 305 1213 Marta.
325 1162 432 1225 16,18.
461 1160 588 1214 Ecclesia
605 1159 641 1213 m‘
655 1159 726 1213 'tans
745 1163 860 1214 eatenus
878 1174 935 1213 non

64 1230 122 1295 nst,
141 1232 277 1298 quatenus
299 1244 397 1282 vocem
418 1244 445 1285 m
484 1228 545 1282 istri
568 1228 647 1282 cudit
670 1235 699 1282 et
716 1227 821 1298 Spiritu
837 1232 934 1281 sancto

64 1290 142 1363 witru.
169 1296 351 1351 Particulatis
367 1301 396 1350 et
411 1297 464 1350 visi
484 1297 529 1351 ilis
546 1302 574 1351 et
585 1302 678 1377 potest
689 1313 787 1363 errare,
806 1302 835 1350 et
846 1312 934 1367 quan·

64 1356 125 1433 ltque
140 1364 264 1433 aberrat,
284 1364 330 1419 vel
349 1380 383 1419 ex
400 1372 492 1434 parte,
515 1366 561 1419 vel
584 1383 614 1419 ιιι
629 1370 726 1419 totum.
762 1365 799 1419 Π.
819 1365 934 1420 Errores

64 1428 157 1487 aaut
171 1433 201 1487 in
218 1433 288 1502 fide,
304 1433 351 1488 rel
367 1433 397 1487 in
413 1434 544 1489 moribus.
580 1432 615 1488 In
631 1433 674 1488 his
692 1433 776 1489 etiam
795 1450 859 1488 vere
877 1450 935 1489 cre·

64 1494 130 1555 letter
145 1506 174 1557 et
191 1500 274 1557 electi
291 1503 458 1574 quaudoque
476 1504 619 1571 aberrant,
642 1502 731 1557 rarius
750 1503 780 1557 in
796 1502 864 1571 ista,
884 1500 935 1557 sed

64 1566 128 1623 lmen
143 1588 198 1625 non
215 1569 344 1625 finaliter.
379 1570 495 1626 Errores
511 1571 577 1626 fidei
598 1572 643 1627 vel
660 1578 726 1625 aunt
742 1571 935 1627 fundamenta·

64 1648 86 1687 fl
116 1640 160 1719 qui
181 1638 287 1693 duecte
308 1640 520 1695 fundamentum
543 1640 640 1695 salutis
664 1644 806 1709 evertunt3
830 1640 861 1695 in
884 1640 935 1693 hos

71 1768 77 1783 .
122 1724 147 1762 ra
161 1707 326 1762 universalis
342 1726 485 1778 nunquam
501 1710 646 1781 impingit,
673 1709 718 1764 vel
736 1708 865 1776 leviores,
885 1707 935 1830 (pai

64 1768 135 1831 hetta
152 1782 250 1832 contra
266 1775 478 1832 fundamentum
496 1778 708 1842 nonnionem
725 1777 755 1830 in
774 1777 824 1831 hos
840 1778 893 1830 visr
913 1794 935 1829 ι·

64 1836 302 1914 'commoraris
328 1847 445 1901 ecclesia
474 1848 520 1901 vel
543 1848 604 1916 ejus
626 1845 751 1901 membra
767 1845 935 1918 quandoque

64 1908 150 1967 leidere
174 1919 301 1985 possunt.
336 1914 384 1968 Fit
412 1921 506 1970 antem
530 1916 584 1969 hoc
612 1921 633 1970 1.
656 1915 692 1969 ob
716 1914 935 1969 imbecillitatem

64 1990 186 2037 uanam:
208 1982 389 2038 omnishomo
400 1984 527 2047 mendax,
543 1984 623 2038 Peal.
636 1986 760 2052 116,11,·
778 1985 858 2037 Rom.
871 1985 898 2049 3,
909 1985 934 2036 4.

64 2044 114 2103 tot
123 2050 358 2121 imperfectionem
374 2053 575 2107 renovationis:
598 2070 630 2108 ex
643 2057 723 2123 parte
734 2050 935 2122 cognoscimus,

64 2114 139 2174 ider.
157 2123 203 2200 13,
219 2124 244 2176 8.
284 2125 309 2177 3.
328 2119 373 2175 Ob
391 2120 518 2189 Diaboli,
538 2121 625 2176 leonia
645 2120 795 2200 rugientis,
814 2126 837 2175 1.
856 2122 935 2174 Patr.

64 2182 106 2253 ld,
123 2187 244 2268 ¹insidiae.
279 2189 392 2243 Errant
415 2190 502 2261 igitur
521 2191 678 2259 pontificii,
703 2190 769 2243 dum
787 2206 816 2243 ιιι
833 2205 936 2261 genere

64 2250 174 2311 Εῑαιιιιιι
196 2273 341 2311 romanam
359 2258 388 2312 in
408 2259 465 2313 fide
483 2276 575 2315 errare
598 2276 679 2329 posse
697 2258 872 2329 impudenter
888 2275 936 2314 ne·

64 2326 116 2390 mi,
133 2326 275 2380 Bctlwm.
292 2326 311 2379 1.
331 2332 355 2381 3.
373 2329 407 2382 de
424 2328 521 2382 eccles.
539 2344 564 2384 c.
586 2335 626 2384 14.
651 2345 701 2398 per
719 2332 770 2381 tot.
793 2334 814 2382 t.
835 2334 859 2382 2.
882 2329 935 2384 col.

64 2390 99 2471 ¹⁴⁸?
128 2394 236 2447 Bacca.
254 2396 375 2449 manual
393 2395 410 2449 l.
435 2402 456 2451 1.
481 2413 504 2451 c.
524 2401 548 2450 3.
571 2415 599 2467 p.
618 2402 660 2451 62.
679 2415 707 2450 n.
726 2402 766 2451 23.
805 2396 875 2451 Cum
893 2414 936 2451 er-

64 2462 106 2513 ur
117 2463 234 2518 ecclesia
248 2468 372 2533 tempore
390 2464 495 2533 diluvii,
520 2465 589 2519 (ἴση.
603 2470 619 2517 8
647 2469 680 2518 11
685 2486 696 2532 ,·
713 2470 768 2519 tem
790 2482 836 2520 ore
847 2465 936 2535 Eliae,

64 2526 145 2601 llltp.
171 2535 223 2601 19,
246 2536 298 2599 11,·
325 2539 448 2603 tempore
476 2533 535 2603 nati
561 2506 664 2588 Christi
692 2533 744 2587 sub
770 2483 936 2603 l’harisaeia,

64 2590 104 2653 ltl
118 2604 145 2668 8,
170 2601 276 2655 Maat.
294 2604 347 2666 23,
372 2606 409 2655 25
429 2620 485 2673 seq.
519 2602 646 2657 Ecclesia
661 2602 802 2672 primitiva
820 2601 935 2656 zelando

64 2664 160 2745 {alege
176 2668 225 2724 Mo
245 2669 296 2740 sis,
317 2671 417 2725 Actor.
434 2674 485 2740 21,
502 2675 548 2726 20.
587 2671 751 2726 Galatarum
775 2671 804 2724 in
821 2671 936 2725 circum·

64 2740 145 2813 wyte,
177 2738 206 2793 G
238 2744 293 2803 .1,
310 2742 336 2793 6.
373 2739 576 2795 Corinthiorum
597 2740 627 2793 in
648 2740 737 2794 abusu
763 2756 878 2807 coenae,
908 2743 936 2794 et

64 2796 193 2877 mnae,
211 2810 238 2860 1.
256 2806 382 2863 Corinth.
403 2814 442 2877 11,
463 2815 501 2863 lt.
532 2808 714 2864 Orientalium
732 2809 761 2861 in
778 2808 935 2865 arianismo.

64 2860 110 2926 Ῡὼ
122 2872 215 2930 histor.
235 2876 386 2932 ecclesiast.
406 2877 540 2947 imprimis
560 2878 713 2932 Socratem.
731 2877 750 2931 l.
770 2884 794 2932 2.
814 2893 838 2931 c.
858 2883 882 2932 2.
906 2894 934 2957 p.

64 2934 140 2998 ΜΒ.
178 2943 284 3010 Quidni
302 2962 369 3017 ergo
386 2953 415 3001 et
430 2948 559 3001 romana?
590 2947 715 3016 procedit
732 2950 935 3016 argumentatio

64 3012 162 3081 maiori
184 3013 222 3068 ad
246 3013 345 3069 minus.
383 3016 445 3069 Nec
463 3017 554 3069 obstat
579 3022 601 3072 1.
627 3015 702 3086 quod
724 3014 814 3070 renati
831 3013 936 3084 Spiritu

64 3082 129 3133 'tete
145 3082 292 3164 ducuntur.
322 3082 476 3166 Renovatio
487 3102 607 3156 namque
624 3091 666 3138 est
683 3082 853 3154 imperfecta.
873 3083 937 3164 ideo

64 3150 937 3293 tctttttttffitttltttttttttttt,titttt

64 3272 149 3343 llum
175 3291 204 3359 7,
228 3292 272 3345 19.
308 3290 369 3346 Nec
395 3292 486 3346 obstat
512 3298 536 3347 2.
560 3291 717 3361 exemplum
741 3291 937 3362 apostolorum·

728 3385 774 3429 22!
