2250 3772
105 109 148 177 52
487 108 594 196 Caput
615 109 641 177 I.

105 277 237 333 solennia
267 283 291 333 3.
305 277 492 346 Sacramenta,
504 278 742 335 circumcisionem
754 283 782 333 et
792 276 907 348 pascha.
932 276 1030 334 aro-

106 346 224 401 culinria
235 347 270 401 ds
284 344 357 411 cibo,
375 346 485 414 vestim,
502 346 730 416 sancdficationa
744 345 928 410 immunditie,
941 346 1031 403 abln-

104 415 180 470 tione
196 420 309 470 statuta
351 413 396 468 Dc
416 414 518 485 quibus
535 416 599 471 vide
617 417 706 472 Levit.
724 419 759 469 17
769 420 797 471 et
810 419 852 470 19.
871 416 962 472 Dour.
977 418 1029 471 12.

105 486 148 538 14.
168 487 214 539 22.
232 488 261 538 et
277 482 339 538 aliis
357 499 440 553 cappo
457 484 583 554 passim.)

106 640 135 704 6.
161 637 237 715 Quis
260 649 327 700 erat
349 662 422 701 usas
443 641 604 702 variarum
625 637 738 702 horam
757 637 1031 703 ceremoniarum?

191 754 294 818 Erant
317 755 345 818 1.
367 754 457 817 nervi
478 754 680 841 publicorum
699 775 939 840 congressuum.

189 857 293 919 Erant
314 857 345 921 2.
367 866 462 919 notae
477 855 700 1004 professionis,
726 878 790 940 qua
805 855 944 944 populus
959 857 1030 925 Ju-

104 938 216 1006 daicus
236 940 276 1003 ab
300 939 370 1004 aliis
390 940 479 1025 genti
501 963 540 1005 us
562 940 803 1005 discerneretur.

192 1042 296 1105 Erant
314 1043 344 1107 3.
370 1042 454 1127 typi,
477 1042 593 1126 quibus
610 1039 756 1107 Christus
771 1065 844 1107 cum
856 1040 1027 1107 beneficiis

105 1125 400 1297 :pilpliscsgplnpbratus
423 1137 455 1191 et
474 1149 532 1214 per
553 1127 651 1192 fidem
670 1127 753 1192 veris
768 1126 944 1193 cultoribus
959 1125 1027 1192 fuit

175 1328 253 1394 (Fuit
271 1327 345 1381 enim
363 1326 482 1396 Spiritus
502 1333 616 1382 sanctus
635 1345 687 1398 per
704 1327 873 1384 ceremonias
892 1325 944 1382 has
962 1326 1026 1382 effi·

106 1412 173 1461 cax,
198 1400 227 1451 et
247 1395 410 1451 conferebat
427 1395 560 1466 gratiam,
588 1397 661 1451 sicut
682 1414 733 1467 per
755 1401 931 1451 sacramenta
947 1394 1024 1453 Novi

105 1464 288 1519 Testamenti.
325 1464 389 1519 Non
411 1463 523 1535 quidem
548 1481 581 1519 ex
603 1482 687 1536 opere
712 1471 838 1535 operato,
870 1464 920 1519 sed
944 1463 970 1518 si
988 1481 1024 1520 ex

105 1531 163 1588 fide
179 1532 287 1590 fierent.
321 1531 382 1596 Quo
401 1550 484 1587 sensu
502 1533 638 1589 sacrificia
676 1539 835 1589 eccatomm
848 1531 1024 1604 expiationes

106 1601 298 1666 nominantur,
316 1603 383 1655 Leo.
401 1605 444 1669 16,
464 1604 517 1670 27‚·
539 1604 628 1657 Hebr.
664 1606 690 1672 3,
710 1604 775 1672 12.)

192 1740 296 1803 Erant
326 1741 355 1805 4„
382 1738 475 1824 signa
493 1738 665 1827 spiritualis
688 1737 916 1816 immunditiei,
945 1760 1026 1826 pec·

107 1823 171 1889 cati
192 1823 285 1889 nobis
307 1823 500 1888 inhaerentis
523 1823 731 1908 ejusdemque
753 1823 935 1890 ablutionis.

191 1926 295 1990 Erant
323 1924 462 2008 denique
494 1924 524 1990 5.
561 1925 703 2010 picturae
730 1926 833 1990 cultus
860 1923 1025 1990 interioris

108 2008 182 2073 Deo
206 2033 226 2073 a
245 2007 339 2074 nobis
361 2007 553 2095 praestandi.

215 2178 244 2242 7.
269 2176 354 2255 Quid
373 2191 417 2242 est
438 2179 642 2260 bosforensis
664 2180 725 2242 sive
737 2176 923 2261 judicialis?

173 2294 248 2359 Fuit
276 2293 458 2380 praeceptio
482 2293 591 2358 divina
618 2295 658 2359 de
681 2293 935 2359 ordinationibus
957 2303 1026 2358 sta-

109 2388 260 2456 tutorum,
277 2378 473 2464 judiciorum
495 2390 527 2444 et
548 2380 833 2445 controversiarum
846 2376 1026 2444 forensium

110 2463 206 2529 totius
228 2464 359 2550 politiae
380 2464 547 2531 Judaicae.

180 2596 347 2667 (Descriptio
365 2597 434 2652 haec
452 2599 535 2652 etiam
553 2597 670 2651 sumitur
681 2597 717 2652 ab
729 2597 848 2668 objecto,
867 2613 917 2666 per
930 2596 1026 2651 distri-

112 2663 255 2721 butionem
280 2663 469 2746 subJectorum
498 2667 676 2720 diversorum.
715 2666 768 2722 Jus
795 2682 916 2736 namque
941 2664 1027 2722 civile

112 2733 263 2789 Judaicum
279 2750 358 2788 vana
376 2733 545 2805 respiciebat
562 2735 702 2803 subjecta,
720 2739 803 2804 puta:
823 2734 859 2788 de
875 2732 1026 2804 magistra·

112 2800 199 2869 tibus,
218 2803 253 2858 de
273 2802 450 2859 distinctione
467 2802 664 2873 dominiorum,
690 2801 868 2858 demetiens
886 2807 915 2857 et
930 2801 1029 2857 distri-

112 2869 229 2926 butione
248 2870 458 2939 haereditatum,
472 2871 597 2942 judiciis,
615 2872 809 2940 contractibus,
829 2870 1028 2943 conjugiorum

112 2937 226 3007 ritibus,
251 2939 360 3012 legIbus
376 2940 555 3007 militaribus,
580 2939 684 3010 usuri,
708 2939 841 3002 testibus,
867 2939 902 2992 ds
925 2939 1028 3008 poenis

111 3005 314 3079 blasphemiae,
334 3008 463 3080 perjurii,
480 3007 698 3075 inobedientiae,
717 3007 867 3076 homicidii,
883 3006 1027 3074 adulterii,

114 3076 215 3146 stupri,
235 3077 316 3143 furti,
335 3085 364 3133 et
381 3077 443 3132 aliis
462 3093 545 3147 quam
565 3076 685 3147 lurimis,
704 3077 733 3132 in
750 3077 847 3133 Exodo
865 3075 970 3148 passim
990 3092 1028 3133 ac

113 3142 330 3202 Deuteronomio
348 3093 565 3213 determinatisi
