2250 3772
134 235 139 244 '
225 263 279 329 no
300 262 424 350 spera
449 274 569 333 anea.
789 264 852 332 317

86 431 260 500 ‚Impudens
283 431 356 486 enim
379 432 555 486 mendacium
574 439 630 501 est,
654 432 729 504 quod
750 437 856 503 negant

93 508 220 554 sanctum
244 518 277 554 us
299 502 354 554 iam
376 501 470 555 vocari
486 500 587 557 Deum.
622 500 732 555 Caeci.
749 503 855 557 Rocov.

87 568 191 648 libristi
211 519 337 650 propiet.
355 585 416 640 cap.
435 575 459 624 6.
478 588 505 640 p.
525 576 583 624 245.
626 568 707 633 Quod
724 570 855 624 convelli·

86 652 115 692 'as
132 637 285 692 testimoma
310 638 410 693 allatis.
445 640 506 692 Nec
525 640 630 701 obstat,
649 639 730 709 quod
744 642 768 695 1.
789 640 855 694 Cor.

95 722 172 777 seqq.
196 723 246 777 per
262 707 355 760 Deum
373 706 512 762 blaterant
529 707 648 778 intelligi
663 707 785 788 Patrem,
804 724 855 777 per

86 793 101 843 ι,
118 774 259 829 Christum
293 792 344 845 per
361 775 494 845 Spiritum
512 783 638 830 sanetum
656 792 711 829 non
729 777 783 829 nisi
800 776 854 829 vir-

96 842 251 898 efficaciam
262 815 325 912 bei,
341 852 370 898 et
382 845 494 915 quidem
506 861 561 898 non
573 845 707 923 quamvis,
725 845 775 899 sed
792 861 855 900 eam

116 928 188 982 quae
214 926 379 984 quocunque
399 913 481 967 modo
500 911 661 980 sanctificet,
680 914 749 967 Luc.
769 918 792 982 1,
809 916 853 971 49.

90 977 177 1036 instit.
196 997 319 1051 german.
336 997 398 1051 cap.
416 988 441 1036 4.
457 999 484 1051 p.
504 988 545 1036 32.
587 982 617 1034 Si
638 981 711 1036 enim
734 980 854 1053 Spiritus
915 986 919 993 '

86 1055 116 1102 st
130 1049 219 1103 virtus
236 1048 298 1118 Dei,
317 1049 349 1105 E.
374 1050 495 1104 essentia
512 1049 606 1103 diuina
622 1050 690 1116 erit,
717 1051 748 1104 E.
768 1051 854 1106 Deus.

86 1135 117 1170 m
134 1135 190 1171 non
211 1117 343 1173 differunt
367 1119 490 1184 realiter,
513 1118 579 1190 quia
595 1134 653 1172 una
675 1124 718 1172 est
734 1118 788 1174 Dei
804 1137 854 1189 po·

86 1203 116 1240 ra
132 1187 260 1242 essentia.
296 1192 320 1243 2.
336 1184 445 1241 Diserte
465 1186 567 1242 dicitur
583 1187 653 1241 haec
671 1187 764 1242 omnia
780 1205 854 1242 unus

86 1254 201 1324 Spiritus
227 1261 366 1327 operatur,
394 1273 421 1311 v.
441 1261 480 1310 11.
491 1255 523 1310 Ε.
542 1255 659 1337 Spiritus
678 1261 790 1310 sanctus
810 1260 854 1310 est

86 1323 228 1378 Dominus.
268 1323 300 1380 E.
322 1331 351 1379 et
368 1324 506 1378 actionem
523 1324 579 1378 Der
601 1324 742 1394 propriam
758 1341 854 1395 opera·

86 1394 108 1446 io
125 1391 163 1448 11.
177 1394 214 1448 ab
232 1392 372 1462 adjunctis
384 1409 400 1447 e
420 1393 514 1448 ithetis
526 1400 554 1448 et
565 1393 706 1448 attributis
722 1393 853 1448 essentia·

86 1477 117 1515 ae
134 1478 198 1515 cum
215 1461 365 1516 assentiar
411 1462 464 1515 'ter
479 1467 544 1515 sunt
560 1461 651 1516 ταυιὸ.
681 1461 762 1517 Solus
780 1463 853 1517 enim

86 1529 161 1584 iritus
187 1530 238 1584 sim
259 1530 413 1599 licissimus,
441 1536 578 1599 aeternus,
603 1531 776 1601 omnipotens
801 1539 853 1586 eto.

86 1605 112 1651 ot
139 1606 161 1654 1.
177 1548 257 1670 quod
275 1598 416 1653 Johannes
428 1599 549 1667 dieitur,
575 1599 707 1669 Spiritum
725 1607 852 1654 sanctum

86 1671 159 1722 utem
182 1667 284 1721 vidisse
302 1669 405 1723 Mattt.
423 1672 451 1733 3,
471 1671 516 1732 163
540 1669 607 1722 Jot.
625 1672 650 1736 1,
668 1670 714 1722 32.
760 1666 854 1722 Secta.

86 1751 92 1789 t
109 1735 186 1790 Trin.
204 1742 232 1789 et
251 1753 297 1790 un.
310 1736 379 1800 Deo,
396 1752 462 1807 pag.
476 1742 533 1791 103.
549 1736 630 1792 Vidit
649 1737 723 1791 enim
740 1737 855 1791 descen·

86 1820 132 1859 ron
150 1804 242 1858 locum
260 1806 407 1872 mutando,
434 1804 530 1859 sedin
546 1805 682 1874 corporali
700 1805 792 1875 specie
809 1822 854 1860 oo·

86 1874 267 1942 praesentiam
294 1873 504 1940 manifestando,
532 1876 601 1926 Luc.
620 1876 647 1940 3,
667 1876 713 1928 22.
749 1876 811 1926 Nec
829 1879 853 1928 2.

86 1960 123 1996 m.
141 1945 183 2010 11,
203 1945 237 1994 17
265 1941 343 1997 Deus
367 1943 468 1996 dicitur
491 1958 598 1996 sumere
615 1941 722 2013 aliquid
740 1942 775 1996 de
791 1941 854 2012 Spi-

86 2010 135 2077 sis,
163 2012 268 2079 Stepm.
295 2018 381 2068 contr.
399 2010 479 2065 Phot.
504 2011 533 2064 in
559 2010 628 2080 disp.
649 2017 671 2067 7.
696 2027 723 2081 q.
743 2017 767 2065 4.
785 2027 852 2091 pag.

86 2078 190 2161 [ligitur
217 2079 291 2134 enim
319 2079 354 2134 de
385 2079 464 2133 donis
492 2079 619 2150 spiritus,
646 2095 718 2150 quae
734 2085 852 2136 variant.

86 2166 95 2201 s
115 2149 195 2202 rritus
212 2165 283 2201 unos
300 2153 351 2217 est,
369 2149 473 2216 &pti
496 2152 520 2202 4.
556 2149 616 2201 Nee
636 2154 658 2202 3.
678 2148 745 2202 Jot.
767 2151 789 2210 7,
805 2151 852 2204 39.

115 2233 193 2273 arou.
216 2233 240 2270 c.
260 2222 285 2272 6.
307 2234 334 2286 p.
355 2221 413 2272 246.
456 2189 655 2287 ldtelliguntur
679 2217 752 2271 euim
779 2217 854 2272 dona

86 2285 172 2338 sancti
194 2286 372 2353 miraculosa,
397 2287 469 2339 sicut
492 2287 583 2339 innuit
602 2284 728 2340 Christus
745 2285 806 2356 ipse
825 2303 850 2340 r.

87 2355 106 2409 d
120 2359 184 2424 post
195 2353 423 2424 glorificationem
434 2353 536 2408 Christi
547 2355 658 2415 demum
671 2353 768 2424 effusa,
795 2354 853 2408 Ac·

86 2464 91 2477 .
126 2425 186 2477 Nec
206 2431 231 2479 4.
249 2423 324 2502 quod
340 2423 442 2477 dicitur
459 2423 572 2492 spiritus
590 2423 652 2479 Dei.
680 2427 705 2475 1.
725 2422 851 2480 Corinth.

86 2492 218 2546 lchmaltz.
238 2491 340 2560 disput.
366 2492 402 2545 de
420 2492 518 2545 Trinit.
545 2496 632 2546 contr.
650 2491 762 2546 Fronte.
780 2492 851 2547 thes.

86 2560 161 2616 »erite
181 2559 254 2614 enim
272 2560 337 2614 inde
349 2561 531 2627 concluditur,
552 2561 625 2631 quod
640 2577 694 2614 non
707 2559 743 2612 sit
756 2559 850 2627 Deus3

87 2630 164 2701 pitur
180 2627 220 2681 ibi
237 2629 405 2683 vocabulum
416 2629 493 2683 Deus
512 2629 701 2694 essentialiter,
719 2645 774 2682 non
788 2643 850 2698 per·

116 2697 146 2753 si
164 2703 297 2767 urgeatur
319 2697 363 2752 hie
381 2698 485 2766 simile,
523 2697 576 2751 uod
597 2698 715 2767 Spiritus
733 2696 851 2750 hominis

86 2715 540 2904 restauraturi
551 2765 850 2904 retuadatis·

86 2905 217 2957 asmata.
244 2903 326 2959 refut.
351 2904 421 2960 thes.
446 2903 546 2958 urana.
570 2904 605 2959 ue
629 2875 727 2957 renai.
753 2920 781 2972 p.
803 2909 849 2957 aa.

86 2973 160 3027 idum
183 2972 257 3025 euim
280 2977 322 3026 est
341 2989 391 3043 per
409 2971 678 3044 ἁνθρωηοπάθειανς
705 2977 730 3026 2.
747 2970 852 3025 tristari

86 3041 183 3112 ,nando
201 3042 324 3111 peccatis
342 3042 495 3111 expellitur.
531 3044 592 3095 Nec
612 3046 635 3095 6.
656 3040 730 3110 quod
749 3039 852 3094 dicitur

86 3114 193 3165 sanctus
218 3128 235 3165 a
252 3110 337 3165 Saule
361 3112 497 3173 recedere,
518 3114 542 3163 1.
562 3110 639 3165 Sam.
658 3111 707 3177 16,
726 3111 768 3163 14.
803 3109 851 3161 Fit

86 3197 95 3234 a
122 3179 216 3251 quoad
243 3181 428 3249 praesentiam
454 3180 611 3251 gratiosam.
654 3176 738 3232 Ratio
762 3176 815 3232 Ill.
834 3194 852 3231 a

86 3248 258 3317 aelanitica,
275 3249 449 3318 processione
468 3248 526 3303 scil.
556 3250 617 3300 Nec
634 3248 725 3300 obstat
742 3263 850 3317 proces·

97 3317 264 3389 quominus
285 3320 322 3371 sit
338 3324 473 3372 aeternus.
517 3317 609 3372 Secia.
635 3332 686 3372 ass.
707 3315 742 3382 de
760 3315 850 3370 Trini-
