2250 3772
123 250 188 318 254
260 248 367 337 Caput
388 251 431 316 Π.
476 252 529 317 De
550 252 698 338 symbolo
721 254 906 341 apostolico.

123 418 285 493 ἀσυγχύτους
303 422 350 476 iat
373 420 572 491 circumirem,
599 423 861 490 inconvertibiliter,
881 420 1006 485 inoonhse

122 491 279 547 inalterate.
311 494 449 545 Damaso.
469 490 518 550 lib.
529 498 553 546 3.
571 492 678 548 orthod.
697 491 746 548 fid.
762 510 785 549 c.
795 501 821 549 3.
838 511 864 564 p.
877 498 929 549 tte.
953 492 1007 547 Om-

121 571 168 616 tra
186 561 341 629 Eutychem
353 568 379 614 et
392 560 615 626 Schwencirfeid.
646 560 778 617 Infinitae
793 561 959 622 ὑποστάσεως
971 570 1009 631 ptr

121 631 253 685 unionem
276 629 382 700 parties
403 646 416 681 s
439 627 472 682 fit
495 645 574 698 caro,
598 629 714 699 proinde
737 648 794 685 non
817 630 851 686 fit
873 638 1009 687 neminum

120 701 245 754 locorum
262 699 370 753 interve
391 715 409 752 s
426 699 575 768 separatio.
607 699 696 753 Facta
713 699 787 754 enim
805 706 848 755 est
860 700 924 755 unio
939 698 1009 753 idm·

121 773 206 893 Sirmi·
223 773 268 821 uni
289 766 473 833 ἄϋιαστάιως,
491 766 623 835 indivise,
642 772 670 822 et
687 768 862 824 indistanter.
900 772 1009 824 Danaa

142 879 148 892 .
171 837 223 891 loe.
249 845 348 890 eorttra
372 837 555 892 Nestorium:
580 837 681 907 Itaque
706 836 742 891 X.
765 856 852 891 smum
877 838 1010 893 nimrim

123 915 298 976 apportatur,
317 905 383 975 quia
401 902 524 958 infinitas
543 905 725 975 hypostaseos
740 924 797 960 non
814 907 888 961 tollit
898 906 1009 961 finimas

122 976 227 1043 carnis,
254 991 306 1028 nec
329 973 421 1027 finitas
446 973 537 1026 carnis
563 974 637 1028 tollit
660 973 827 1030 infinitatem
845 975 1009 1047 hyponam

121 1046 234 1099 Errant
252 1042 340 1113 igitur
360 1042 531 1110 Calainiani,
548 1041 597 1113 qui
613 1042 741 1113 imperite
761 1043 831 1100 haee
850 1045 959 1099 invicem
972 1056 1009 1121 op·

118 1119 227 1185 ponunt
261 1117 291 1166 et
307 1111 347 1165 sic
365 1110 479 1165 elencho
497 1111 688 1181 oppositorum
705 1112 827 1174 ludunt„
850 1120 975 1169 Danaam
986 1124 1009 1161 111

119 1198 206 1238 exam.
225 1153 361 1236 (ihemnit.
379 1197 403 1234 c.
420 1188 445 1234 5.
463 1197 491 1248 p.
509 1186 570 1236 223.
607 1179 692 1236 Sohn.
712 1181 740 1236 d.
761 1189 783 1238 t.
802 1187 855 1238 art.
875 1188 898 1240 3.
943 1180 1008 1256 ,207Ἰ

120 1251 234 1307 Sodeel.
251 1249 300 1303 lib.
319 1250 355 1303 de
372 1248 447 1302 hum.
465 1247 567 1303 Christi
584 1255 675 1306 natur.
697 1267 720 1307 c.
735 1257 759 1308 3.
780 1267 808 1320 p.
827 1256 882 1307 163.
913 1200 959 1304 iii.
974 1244 1009 1301 dr

119 1329 166 1375 out
182 1321 213 1372 in
230 1320 333 1372 unione
352 1327 474 1370 naturae
485 1318 564 1385 ipsae
576 1318 746 1385 inconfusae
757 1328 883 1379 manent.
901 1321 1009 1373 tuma

119 1407 170 1459 que
184 1389 267 1441 etiam
284 1394 379 1441 seruat
397 1386 543 1455 suiipsius
554 1388 715 1440 naturalem
727 1387 949 1443 incommutatum
957 1398 1009 1455 pto·

113 1459 275 1528 prietatem.
305 1455 374 1509 XII.
392 1458 485 1509 Facta
503 1462 544 1507 est
561 1456 629 1508 unio
645 1458 809 1524 personalis
829 1462 879 1512 τοῦ
902 1457 974 1527 λόγου
988 1454 1009 1503 ti

117 1536 238 1580 naturae
260 1526 399 1577 hnmanae
424 1525 454 1577 in
478 1524 541 1605 ipae
561 1525 657 1593 primo
678 1534 816 1580 momento
844 1518 1009 1601 emmeptimt't

112 1614 169 1667 per
184 1595 417 1648 inumbrationem
437 1594 460 1647 S
480 1593 563 1645 tritus
582 1592 676 1645 saneti
690 1595 721 1646 in
740 1602 821 1648 utero
843 1596 952 1649 Mariae
965 1602 1008 1644 mr·

117 1666 201 1745 pinis²
220 1663 364 1730 Manat,
382 1664 423 1715 18.
489 1660 540 1714 111.
564 1659 601 1714 Ti
621 1662 771 1715 subsistere
789 1672 1008 1734 assumptorem

116 1735 162 1789 nis
186 1751 216 1785 sn
237 1733 302 1801 apsa
321 1748 449 1800 pareone
471 1730 545 1784 Filii
564 1731 625 1783 Dei
648 1739 688 1783 est
706 1740 786 1784 aetus
798 1728 1010 1800 personalia&

116 1823 173 1858 non
190 1800 340 1856 naturalis.
372 1798 444 1863 Quia
456 1801 574 1853 eundem
586 1816 650 1852 eum
663 1799 777 1870 reliquis
789 1800 943 1856 hominibus
952 1808 1008 1851 com·

117 1888 228 1927 munem
245 1887 301 1924 non
317 1868 411 1924 habat.
441 1867 521 1923 XIV.
546 1868 617 1920 Unio
630 1875 750 1921 naturae
765 1870 907 1924 humanae
918 1869 1007 1923 adm*

117 1943 180 1995 bum
199 1959 255 1994 uon
273 1939 364 1993 solum
388 1936 541 2007 ineffabilis
566 1945 620 2004 est,
642 1938 696 1990 sed
716 1939 800 1991 etiam
823 1932 1008 2014 intelleewt'ff·

115 2007 411 2079 incompreheusibilis.
446 2006 497 2058 Est
509 2005 582 2060 enim
596 2004 831 2079 ὁμολογουμένως
840 2011 916 2081 μέγα
925 2016 1008 2079 μυστο-

116 2098 188 2152 ριον,
208 2081 232 2130 1.
253 2077 325 2130 Tim.
343 2078 368 2129 3.
386 2094 410 2128 ο.
428 2074 498 2143 ult.)

118 2182 168 2247 12.
205 2182 343 2243 Faciant
364 2190 408 2244 est
427 2180 500 2242 unio
528 2181 589 2243 ista
617 2180 809 2264 hypostatica
830 2182 941 2263 absque
957 2170 1007 2238 ulit

44 2284 50 2297 ·
427 2264 721 2328 communicatione?

201 2366 310 2439 Ataia
332 2388 405 2430 cum
427 2366 512 2431 enim
533 2366 610 2430 unio
632 2363 711 2428 haec
730 2364 770 2428 sit
784 2362 1007 2465 perfectissimo

114 2473 180 2515 non
202 2460 325 2513 tantum
347 2452 381 2515 in
402 2464 588 2516 naturarum
609 2448 649 2512 ad
671 2471 706 2512 se
728 2449 865 2515 invicem
886 2462 1007 2542 cominu·

111 2534 271 2600 nicatione
305 2548 458 2621 tanquam
486 2536 616 2622 propria
644 2557 702 2598 sua
730 2535 834 2600 forma
866 2534 1007 2601 subsisto

113 2621 170 2686 sed
200 2644 240 2685 ex
267 2622 379 2686 eadem
405 2623 546 2708 ipsarum
581 2620 676 2685 otiam
710 2621 939 2707 proprietatum
963 2626 1008 2678 ⁵²¹¹

112 2706 310 2792 idiomatum,
330 2706 497 2790 utriusque
519 2718 651 2771 naturae
674 2727 749 2768 vera
771 2729 808 2770 οο
830 2707 924 2771 realis
938 2715 1010 2769 com·

102 2792 296 2885 pnunicatio,
318 2804 470 2877 tanquam
491 2791 649 2866 effectum,
671 2790 887 2875 consequitur.

183 2892 267 2959 (Hinc
287 2893 383 2947 tritum
409 2893 479 2949 illud
503 2898 628 2946 veterum
651 2890 774 2944 axioma:
804 2893 855 2945 ubi
878 2892 959 2957 unio,
983 2872 1013 2953 ²⁷3⁸

111 2964 195 3018 etiam
220 2964 385 3018 communia.
432 2961 548 3015 Infimus
577 2959 713 3030 siquidem
745 2959 791 3013 hic
822 2952 1015 3031 conJunetioffl

110 3032 216 3113 gradus
235 3036 284 3098 est,
304 3031 352 3100 qui
368 3030 472 3100 absque
493 3028 748 3083 communicationis
767 3035 865 3083 mutua
872 3020 1015 3151 partimi?

107 3107 184 3156 tione
201 3099 351 3169 perficitur.
389 3100 425 3153 In
442 3098 552 3154 christo
579 3102 673 3152 autem
691 3103 852 3152 naturarum
892 3115 940 3153 aec
956 3088 1018 3145 ¹1¹¹¹⁰

109 3176 152 3224 est
170 3169 332 3225 arctissima.
357 3168 390 3223 E.
419 3174 448 3222 et
474 3167 526 3221 erit
552 3165 715 3220 communio.
753 3167 837 3223 Unde
858 3148 1019 3239 Theodofff

80 3248 86 3259 ¹
108 3238 174 3291 dial.
194 3242 219 3294 3.
237 3243 257 3292 t.
281 3244 305 3294 2.
327 3256 354 3308 p.
375 3243 432 3291 255.
453 3236 488 3291 A.
512 3236 585 3289 hanc
602 3235 758 3306 generalem
776 3236 903 3308 regulam
919 3216 1019 3290 tradi·

104 3308 230 3377 propria
246 3313 412 3360 naturarum
422 3308 500 3375 fiunt
524 3304 682 3357 eommunia
700 3322 857 3373 personae,·
883 3318 968 3376 quam
994 3278 1025 3337 D·
