<?xml version="1.0" encoding="UTF-8"?>
<!DOCTYPE html PUBLIC "-//W3C//DTD XHTML 1.0 Transitional//EN"
    "http://www.w3.org/TR/xhtml1/DTD/xhtml1-transitional.dtd">
<html xmlns="http://www.w3.org/1999/xhtml" xml:lang="en" lang="en">
 <head>
  <title>
</title>
<meta http-equiv="Content-Type" content="text/html;charset=utf-8" />
  <meta name='ocr-system' content='tesseract 3.04.00' />
  <meta name='ocr-capabilities' content='ocr_page ocr_carea ocr_par ocr_line ocrx_word'/>
</head>
<body>
  <div class='ocr_page' id='page_1' title='image "./dconradidieteri00dietgoog_0519.png"; bbox 0 0 2258 3766; ppageno 0'>
   <div class='ocr_carea' id='block_1_1' title="bbox 109 225 782 324">
    <p class='ocr_par' dir='ltr' id='par_1_1' title="bbox 109 225 782 324">
     <span class='ocr_line' id='line_1_1' title="bbox 109 225 782 324; baseline 0.001 -30"><span class='ocrx_word' id='word_1_1' title='bbox 109 229 173 296; x_wconf 86' lang='grc'>488</span> <span class='ocrx_word' id='word_1_2' title='bbox 260 298 272 317; x_wconf 54' lang='grc'><em>,</em></span> <span class='ocrx_word' id='word_1_3' title='bbox 309 225 415 314; x_wconf 85' lang='lat' dir='ltr'>Caput</span> <span class='ocrx_word' id='word_1_4' title='bbox 435 229 495 324; x_wconf 76' lang='lat' dir='ltr'>IV.</span> <span class='ocrx_word' id='word_1_5' title='bbox 538 227 591 292; x_wconf 87' lang='lat' dir='ltr'>De</span> <span class='ocrx_word' id='word_1_6' title='bbox 612 227 782 313; x_wconf 86' lang='lat' dir='ltr'>baptismo.</span> 
     </span>
    </p>
   </div>
   <div class='ocr_carea' id='block_1_2' title="bbox 64 389 1010 1077">
    <p class='ocr_par' dir='ltr' id='par_1_2' title="bbox 108 389 1010 550">
     <span class='ocr_line' id='line_1_2' title="bbox 195 389 1010 484; baseline 0 -22"><span class='ocrx_word' id='word_1_7' title='bbox 195 399 223 462; x_wconf 77' lang='lat'>2.</span> <span class='ocrx_word' id='word_1_8' title='bbox 246 396 411 483; x_wconf 89' lang='lat' dir='ltr'>Corporea</span> <span class='ocrx_word' id='word_1_9' title='bbox 431 406 463 461; x_wconf 89' lang='lat' dir='ltr'>et</span> <span class='ocrx_word' id='word_1_10' title='bbox 475 397 683 482; x_wconf 78' lang='lat' dir='ltr'>aspectabilis</span> <span class='ocrx_word' id='word_1_11' title='bbox 697 389 847 482; x_wconf 87' lang='lat' dir='ltr'>symbola</span> <span class='ocrx_word' id='word_1_12' title='bbox 869 398 910 462; x_wconf 90' lang='lat' dir='ltr'>ab</span> <span class='ocrx_word' id='word_1_13' title='bbox 935 397 1010 484; x_wconf 85' lang='lat' dir='ltr'>ipso·</span> 
     </span>
     <span class='ocr_line' id='line_1_3' title="bbox 108 482 708 550; baseline -0.002 0"><span class='ocrx_word' id='word_1_14' title='bbox 108 493 175 550; x_wconf 90' lang='lat' dir='ltr'>met</span> <span class='ocrx_word' id='word_1_15' title='bbox 194 483 268 548; x_wconf 90' lang='lat' dir='ltr'>Deo</span> <span class='ocrx_word' id='word_1_16' title='bbox 290 482 411 547; x_wconf 87' lang='lat' dir='ltr'>sancita</span> <span class='ocrx_word' id='word_1_17' title='bbox 428 493 460 547; x_wconf 90' lang='lat' dir='ltr'>et</span> <span class='ocrx_word' id='word_1_18' title='bbox 480 482 708 549; x_wconf 77' lang='lat' dir='ltr'>commendata</span> 
     </span>
    </p>

    <p class='ocr_par' dir='ltr' id='par_1_3' title="bbox 64 567 1009 804">
     <span class='ocr_line' id='line_1_4' title="bbox 195 567 1008 652; baseline -0.004 -19"><span class='ocrx_word' id='word_1_19' title='bbox 195 570 226 634; x_wconf 88' lang='lat'>3.</span> <span class='ocrx_word' id='word_1_20' title='bbox 248 567 423 639; x_wconf 84' lang='lat' dir='ltr'>Promissio</span> <span class='ocrx_word' id='word_1_21' title='bbox 436 567 502 632; x_wconf 92' lang='lat' dir='ltr'>Dei</span> <span class='ocrx_word' id='word_1_22' title='bbox 523 567 563 631; x_wconf 91' lang='lat' dir='ltr'>de</span> <span class='ocrx_word' id='word_1_23' title='bbox 584 568 723 652; x_wconf 85' lang='lat' dir='ltr'>gratuita</span> <span class='ocrx_word' id='word_1_24' title='bbox 767 575 951 631; x_wconf 84' lang='lat' dir='ltr'>escatorum</span> <span class='ocrx_word' id='word_1_25' title='bbox 967 588 1008 630; x_wconf 87' lang='lat' dir='ltr'>re·</span> 
     </span>
     <span class='ocr_line' id='line_1_5' title="bbox 110 649 1009 739; baseline -0.004 -21"><span class='ocrx_word' id='word_1_26' title='bbox 110 653 261 718; x_wconf 81' lang='lat' dir='ltr'>missione</span> <span class='ocrx_word' id='word_1_27' title='bbox 282 664 314 716; x_wconf 86' lang='lat' dir='ltr'>et</span> <span class='ocrx_word' id='word_1_28' title='bbox 334 652 436 716; x_wconf 93' lang='lat' dir='ltr'>salute</span> <span class='ocrx_word' id='word_1_29' title='bbox 464 662 592 717; x_wconf 88' lang='lat' dir='ltr'>aeterna</span> <span class='ocrx_word' id='word_1_30' title='bbox 612 676 670 739; x_wconf 91' lang='lat' dir='ltr'>per</span> <span class='ocrx_word' id='word_1_31' title='bbox 693 675 710 717; x_wconf 90' lang='lat' dir='ltr'>e</span> <span class='ocrx_word' id='word_1_32' title='bbox 754 674 806 716; x_wconf 93' lang='lat' dir='ltr'>em</span> <span class='ocrx_word' id='word_1_33' title='bbox 829 649 1009 717; x_wconf 84' lang='lat' dir='ltr'>conferenda</span> 
     </span>
     <span class='ocr_line' id='line_1_6' title="bbox 64 738 373 804; baseline 0 0"><span class='ocrx_word' id='word_1_34' title='bbox 64 754 70 771; x_wconf 86' lang='lat'><strong>¹</strong></span> <span class='ocrx_word' id='word_1_35' title='bbox 112 751 144 804; x_wconf 85' lang='lat' dir='ltr'>et</span> <span class='ocrx_word' id='word_1_36' title='bbox 165 738 236 802; x_wconf 91' lang='lat' dir='ltr'>obsi</span> <span class='ocrx_word' id='word_1_37' title='bbox 282 738 373 804; x_wconf 89' lang='lat' dir='ltr'>anda.</span> 
     </span>
    </p>

    <p class='ocr_par' dir='ltr' id='par_1_4' title="bbox 110 820 1007 1077">
     <span class='ocr_line' id='line_1_7' title="bbox 195 820 1007 886; baseline -0.004 0"><span class='ocrx_word' id='word_1_38' title='bbox 195 824 224 886; x_wconf 87' lang='grc'>4.</span> <span class='ocrx_word' id='word_1_39' title='bbox 278 833 407 886; x_wconf 80' lang='lat' dir='ltr'>xtemus</span> <span class='ocrx_word' id='word_1_40' title='bbox 428 842 504 885; x_wconf 91' lang='lat' dir='ltr'>usus</span> <span class='ocrx_word' id='word_1_41' title='bbox 524 820 590 885; x_wconf 87' lang='lat' dir='ltr'>sive</span> <span class='ocrx_word' id='word_1_42' title='bbox 613 821 751 886; x_wconf 84' lang='lat' dir='ltr'>exterior</span> <span class='ocrx_word' id='word_1_43' title='bbox 766 820 903 886; x_wconf 85' lang='lat' dir='ltr'>aetionis</span> <span class='ocrx_word' id='word_1_44' title='bbox 917 841 1007 885; x_wconf 84' lang='lat' dir='ltr'>saera·</span> 
     </span>
     <span class='ocr_line' id='line_1_8' title="bbox 110 905 1005 980; baseline -0.001 -10"><span class='ocrx_word' id='word_1_45' title='bbox 110 906 257 971; x_wconf 84' lang='lat' dir='ltr'>mentalis</span> <span class='ocrx_word' id='word_1_46' title='bbox 278 907 454 971; x_wconf 87' lang='lat' dir='ltr'>secundum</span> <span class='ocrx_word' id='word_1_47' title='bbox 479 906 663 970; x_wconf 87' lang='lat' dir='ltr'>mandatum</span> <span class='ocrx_word' id='word_1_48' title='bbox 684 906 750 970; x_wconf 93' lang='lat' dir='ltr'>Dei</span> <span class='ocrx_word' id='word_1_49' title='bbox 777 905 1005 980; x_wconf 76' lang='lat' dir='ltr'>administratis,</span> 
     </span>
     <span class='ocr_line' id='line_1_9' title="bbox 111 991 510 1077; baseline 0 -21"><span class='ocrx_word' id='word_1_50' title='bbox 111 992 307 1077; x_wconf 84' lang='lat' dir='ltr'>dispensatio</span> <span class='ocrx_word' id='word_1_51' title='bbox 332 1002 364 1055; x_wconf 92' lang='lat' dir='ltr'>et</span> <span class='ocrx_word' id='word_1_52' title='bbox 385 991 510 1056; x_wconf 91' lang='lat' dir='ltr'>sumtio.</span> 
     </span>
    </p>
   </div>
   <div class='ocr_carea' id='block_1_3' title="bbox 109 1107 1002 1318">
    <p class='ocr_par' dir='ltr' id='par_1_5' title="bbox 109 1107 1002 1318">
     <span class='ocr_line' id='line_1_10' title="bbox 182 1107 1002 1189; baseline -0.002 -27"><span class='ocrx_word' id='word_1_53' title='bbox 182 1108 236 1176; x_wconf 86' lang='lat' dir='ltr'>(De</span> <span class='ocrx_word' id='word_1_54' title='bbox 259 1108 376 1180; x_wconf 87' lang='lat' dir='ltr'>singulis</span> <span class='ocrx_word' id='word_1_55' title='bbox 398 1107 441 1189; x_wconf 85' lang='lat' dir='ltr'>his</span> <span class='ocrx_word' id='word_1_56' title='bbox 467 1107 591 1189; x_wconf 79' lang='lat' dir='ltr'>invenies</span> <span class='ocrx_word' id='word_1_57' title='bbox 610 1108 768 1163; x_wconf 89' lang='lat' dir='ltr'>testimonia</span> <span class='ocrx_word' id='word_1_58' title='bbox 789 1110 819 1164; x_wconf 91' lang='lat' dir='ltr'>in</span> <span class='ocrx_word' id='word_1_59' title='bbox 837 1111 1002 1164; x_wconf 78' lang='lat' dir='ltr'>saemmeuto</span> 
     </span>
     <span class='ocr_line' id='line_1_11' title="bbox 109 1176 1001 1248; baseline -0.006 -15"><span class='ocrx_word' id='word_1_60' title='bbox 109 1195 171 1233; x_wconf 84' lang='lat' dir='ltr'>rum</span> <span class='ocrx_word' id='word_1_61' title='bbox 188 1179 300 1248; x_wconf 87' lang='lat' dir='ltr'>proprie</span> <span class='ocrx_word' id='word_1_62' title='bbox 325 1178 364 1230; x_wconf 85' lang='lat' dir='ltr'>sic</span> <span class='ocrx_word' id='word_1_63' title='bbox 385 1177 520 1232; x_wconf 80' lang='lat' dir='ltr'>dictorum</span> <span class='ocrx_word' id='word_1_64' title='bbox 541 1177 636 1232; x_wconf 78' lang='lat' dir='ltr'>divina</span> <span class='ocrx_word' id='word_1_65' title='bbox 650 1178 835 1242; x_wconf 77' lang='lat' dir='ltr'>institutione,</span> <span class='ocrx_word' id='word_1_66' title='bbox 856 1177 953 1232; x_wconf 76' lang='lat' dir='ltr'>Gener.</span> <span class='ocrx_word' id='word_1_67' title='bbox 963 1176 1001 1242; x_wconf 65' lang='lat'>175</span> 
     </span>
     <span class='ocr_line' id='line_1_12' title="bbox 111 1246 807 1318; baseline 0.001 -17"><span class='ocrx_word' id='word_1_68' title='bbox 111 1249 272 1315; x_wconf 76' lang='lat' dir='ltr'>Euod.123</span> <span class='ocrx_word' id='word_1_69' title='bbox 290 1248 396 1303; x_wconf 85' lang='lat' dir='ltr'>Motth.</span> <span class='ocrx_word' id='word_1_70' title='bbox 414 1248 465 1314; x_wconf 77' lang='lat'>2⁸3</span> <span class='ocrx_word' id='word_1_71' title='bbox 485 1249 508 1302; x_wconf 87' lang='lat'>1.</span> <span class='ocrx_word' id='word_1_72' title='bbox 531 1246 596 1302; x_wconf 77' lang='lat' dir='ltr'>Cor.</span> <span class='ocrx_word' id='word_1_73' title='bbox 615 1250 657 1304; x_wconf 88' lang='lat'>11.</span> <span class='ocrx_word' id='word_1_74' title='bbox 676 1263 727 1318; x_wconf 88' lang='lat' dir='ltr'>per</span> <span class='ocrx_word' id='word_1_75' title='bbox 744 1249 807 1316; x_wconf 84' lang='lat' dir='ltr'>tot.)</span> 
     </span>
    </p>
   </div>
   <div class='ocr_carea' id='block_1_4' title="bbox 222 1356 909 1452">
    <p class='ocr_par' dir='ltr' id='par_1_6' title="bbox 222 1356 909 1452">
     <span class='ocr_line' id='line_1_13' title="bbox 222 1356 909 1452; baseline -0.003 -22"><span class='ocrx_word' id='word_1_76' title='bbox 222 1368 270 1432; x_wconf 91' lang='grc'>11.</span> <span class='ocrx_word' id='word_1_77' title='bbox 310 1365 491 1452; x_wconf 68' lang='lat' dir='ltr'>Quotapls&#39;ea</span> <span class='ocrx_word' id='word_1_78' title='bbox 511 1356 582 1430; x_wconf 68' lang='lat' dir='ltr'>vero</span> <span class='ocrx_word' id='word_1_79' title='bbox 602 1378 674 1432; x_wconf 78' lang='lat' dir='ltr'>stent</span> <span class='ocrx_word' id='word_1_80' title='bbox 694 1365 909 1431; x_wconf 78' lang='lat' dir='ltr'>sacramento?</span> 
     </span>
    </p>
   </div>
   <div class='ocr_carea' id='block_1_5' title="bbox 110 1475 998 1636">
    <p class='ocr_par' dir='ltr' id='par_1_7' title="bbox 110 1475 998 1636">
     <span class='ocr_line' id='line_1_14' title="bbox 195 1475 998 1570; baseline -0.009 -21"><span class='ocrx_word' id='word_1_81' title='bbox 195 1484 348 1570; x_wconf 88' lang='lat' dir='ltr'>Duplioia</span> <span class='ocrx_word' id='word_1_82' title='bbox 354 1510 363 1563; x_wconf 86' lang='lat'><em>3</em></span> <span class='ocrx_word' id='word_1_83' title='bbox 386 1486 449 1550; x_wconf 87' lang='lat' dir='ltr'>alia</span> <span class='ocrx_word' id='word_1_84' title='bbox 463 1485 590 1550; x_wconf 83' lang='lat' dir='ltr'>fuerunt</span> <span class='ocrx_word' id='word_1_85' title='bbox 604 1484 743 1562; x_wconf 89' lang='lat' dir='ltr'>Veteris,</span> <span class='ocrx_word' id='word_1_86' title='bbox 764 1484 829 1548; x_wconf 87' lang='lat' dir='ltr'>alia</span> <span class='ocrx_word' id='word_1_87' title='bbox 850 1493 923 1548; x_wconf 90' lang='lat' dir='ltr'>sunt</span> <span class='ocrx_word' id='word_1_88' title='bbox 932 1475 998 1546; x_wconf 78' lang='lat' dir='ltr'>Nori</span> 
     </span>
     <span class='ocr_line' id='line_1_15' title="bbox 110 1568 316 1636; baseline 0.019 -4"><span class='ocrx_word' id='word_1_89' title='bbox 110 1568 316 1636; x_wconf 79' lang='lat' dir='ltr'>Testamenti.</span> 
     </span>
    </p>
   </div>
   <div class='ocr_carea' id='block_1_6' title="bbox 110 1679 996 2102">
    <p class='ocr_par' dir='ltr' id='par_1_8' title="bbox 110 1679 996 2102">
     <span class='ocr_line' id='line_1_16' title="bbox 181 1679 996 1753; baseline -0.001 -11"><span class='ocrx_word' id='word_1_90' title='bbox 181 1685 283 1753; x_wconf 89' lang='lat' dir='ltr'>(Vetus</span> <span class='ocrx_word' id='word_1_91' title='bbox 303 1692 499 1742; x_wconf 84' lang='lat' dir='ltr'>testamentum</span> <span class='ocrx_word' id='word_1_92' title='bbox 522 1693 582 1741; x_wconf 88' lang='lat' dir='ltr'>erat</span> <span class='ocrx_word' id='word_1_93' title='bbox 606 1686 704 1742; x_wconf 87' lang='lat' dir='ltr'>foedus</span> <span class='ocrx_word' id='word_1_94' title='bbox 720 1687 775 1741; x_wconf 91' lang='lat' dir='ltr'>Dei</span> <span class='ocrx_word' id='word_1_95' title='bbox 801 1705 866 1742; x_wconf 87' lang='lat' dir='ltr'>eum</span> <span class='ocrx_word' id='word_1_96' title='bbox 886 1679 996 1742; x_wconf 52' lang='lat' dir='ltr'>aaut·</span> 
     </span>
     <span class='ocr_line' id='line_1_17' title="bbox 111 1754 995 1826; baseline -0.002 -17"><span class='ocrx_word' id='word_1_97' title='bbox 111 1760 176 1825; x_wconf 90' lang='lat' dir='ltr'>post</span> <span class='ocrx_word' id='word_1_98' title='bbox 194 1757 368 1811; x_wconf 80' lang='lat' dir='ltr'>eductionem</span> <span class='ocrx_word' id='word_1_99' title='bbox 389 1772 429 1811; x_wconf 76' lang='lat' dir='ltr'>ex.</span> <span class='ocrx_word' id='word_1_100' title='bbox 441 1757 573 1826; x_wconf 82' lang='lat' dir='ltr'>Aegypto</span> <span class='ocrx_word' id='word_1_101' title='bbox 592 1773 676 1826; x_wconf 88' lang='lat' dir='ltr'>super</span> <span class='ocrx_word' id='word_1_102' title='bbox 697 1754 760 1826; x_wconf 89' lang='lat' dir='ltr'>lege</span> <span class='ocrx_word' id='word_1_103' title='bbox 779 1756 927 1823; x_wconf 80' lang='lat' dir='ltr'>sancitum,</span> <span class='ocrx_word' id='word_1_104' title='bbox 947 1766 995 1807; x_wconf 70' lang='lat' dir='ltr'>sss</span> 
     </span>
     <span class='ocr_line' id='line_1_18' title="bbox 111 1824 995 1891; baseline 0 -13"><span class='ocrx_word' id='word_1_105' title='bbox 111 1824 203 1880; x_wconf 86' lang='lat' dir='ltr'>tinens</span> <span class='ocrx_word' id='word_1_106' title='bbox 239 1825 428 1880; x_wconf 89' lang='lat' dir='ltr'>romissionem</span> <span class='ocrx_word' id='word_1_107' title='bbox 454 1824 528 1878; x_wconf 84' lang='lat' dir='ltr'>vitae</span> <span class='ocrx_word' id='word_1_108' title='bbox 553 1831 683 1878; x_wconf 86' lang='lat' dir='ltr'>aeternae</span> <span class='ocrx_word' id='word_1_109' title='bbox 699 1841 763 1878; x_wconf 87' lang='lat' dir='ltr'>oum</span> <span class='ocrx_word' id='word_1_110' title='bbox 781 1825 935 1880; x_wconf 78' lang='lat' dir='ltr'>conditione</span> <span class='ocrx_word' id='word_1_111' title='bbox 950 1835 995 1891; x_wconf 62' lang='lat' dir='ltr'>pst*</span> 
     </span>
     <span class='ocr_line' id='line_1_19' title="bbox 110 1845 995 1965; baseline -0.002 -17"><span class='ocrx_word' id='word_1_112' title='bbox 110 1893 202 1949; x_wconf 80' lang='lat' dir='ltr'>festae</span> <span class='ocrx_word' id='word_1_113' title='bbox 219 1845 289 1965; x_wconf 63' lang='lat' dir='ltr'>iigis</span> <span class='ocrx_word' id='word_1_114' title='bbox 307 1893 483 1963; x_wconf 81' lang='lat' dir='ltr'>impletionis.</span> <span class='ocrx_word' id='word_1_115' title='bbox 519 1891 583 1948; x_wconf 89' lang='lat' dir='ltr'>Vid.</span> <span class='ocrx_word' id='word_1_116' title='bbox 605 1895 698 1949; x_wconf 76' lang='lat' dir='ltr'>Esset.</span> <span class='ocrx_word' id='word_1_117' title='bbox 716 1895 761 1960; x_wconf 82' lang='lat'>19,</span> <span class='ocrx_word' id='word_1_118' title='bbox 779 1898 813 1961; x_wconf 78' lang='lat'>53</span> <span class='ocrx_word' id='word_1_119' title='bbox 831 1897 915 1948; x_wconf 79' lang='lat' dir='ltr'>Dsat.</span> <span class='ocrx_word' id='word_1_120' title='bbox 926 1896 949 1948; x_wconf 77' lang='lat'>5.</span> <span class='ocrx_word' id='word_1_121' title='bbox 962 1887 995 1940; x_wconf 82' lang='lat' dir='ltr'>a.</span> 
     </span>
     <span class='ocr_line' id='line_1_20' title="bbox 111 1961 995 2038; baseline 0.003 -27"><span class='ocrx_word' id='word_1_122' title='bbox 111 1967 159 2019; x_wconf 75' lang='lat'>30.</span> <span class='ocrx_word' id='word_1_123' title='bbox 197 1963 306 2018; x_wconf 89' lang='lat' dir='ltr'>Novum</span> <span class='ocrx_word' id='word_1_124' title='bbox 319 1962 527 2017; x_wconf 86' lang='lat' dir='ltr'>Testamentum</span> <span class='ocrx_word' id='word_1_125' title='bbox 545 1966 588 2016; x_wconf 91' lang='lat' dir='ltr'>est</span> <span class='ocrx_word' id='word_1_126' title='bbox 604 1962 702 2016; x_wconf 87' lang='lat' dir='ltr'>foedus</span> <span class='ocrx_word' id='word_1_127' title='bbox 720 1961 790 2016; x_wconf 91' lang='lat' dir='ltr'>illud</span> <span class='ocrx_word' id='word_1_128' title='bbox 805 1964 858 2018; x_wconf 92' lang='lat' dir='ltr'>Dei</span> <span class='ocrx_word' id='word_1_129' title='bbox 874 1962 903 2016; x_wconf 91' lang='lat' dir='ltr'>in</span> <span class='ocrx_word' id='word_1_130' title='bbox 921 1965 945 2016; x_wconf 87' lang='lat' dir='ltr'>et</span> <span class='ocrx_word' id='word_1_131' title='bbox 956 1969 995 2038; x_wconf 70' lang='lat' dir='ltr'>ptr</span> 
     </span>
     <span class='ocr_line' id='line_1_21' title="bbox 112 2029 996 2102; baseline -0.001 -18"><span class='ocrx_word' id='word_1_132' title='bbox 112 2029 251 2085; x_wconf 87' lang='lat' dir='ltr'>Christum</span> <span class='ocrx_word' id='word_1_133' title='bbox 269 2031 473 2095; x_wconf 81' lang='lat' dir='ltr'>confirmatum,</span> <span class='ocrx_word' id='word_1_134' title='bbox 492 2031 636 2085; x_wconf 75' lang='lat' dir='ltr'>confinem</span> <span class='ocrx_word' id='word_1_135' title='bbox 654 2030 863 2100; x_wconf 91' lang='lat' dir='ltr'>promissionem</span> <span class='ocrx_word' id='word_1_136' title='bbox 881 2031 996 2102; x_wconf 63' lang='lat' dir='ltr'>gratuiti</span> 
     </span>
    </p>
   </div>
   <div class='ocr_carea' id='block_1_7' title="bbox 108 2098 996 2306">
    <p class='ocr_par' dir='ltr' id='par_1_9' title="bbox 108 2098 996 2306">
     <span class='ocr_line' id='line_1_22' title="bbox 110 2098 995 2220; baseline 0 -66"><span class='ocrx_word' id='word_1_137' title='bbox 110 2107 287 2220; x_wconf 56' lang='lat' dir='ltr'>gestatorum</span> <span class='ocrx_word' id='word_1_138' title='bbox 304 2098 485 2166; x_wconf 83' lang='lat' dir='ltr'>remissionis,</span> <span class='ocrx_word' id='word_1_139' title='bbox 510 2099 637 2169; x_wconf 87' lang='lat' dir='ltr'>justitiae</span> <span class='ocrx_word' id='word_1_140' title='bbox 664 2105 693 2154; x_wconf 88' lang='lat' dir='ltr'>et</span> <span class='ocrx_word' id='word_1_141' title='bbox 710 2099 807 2154; x_wconf 73' lang='lat' dir='ltr'>salutis</span> <span class='ocrx_word' id='word_1_142' title='bbox 825 2104 995 2166; x_wconf 64' lang='lat' dir='ltr'>aeternam</span> 
     </span>
     <span class='ocr_line' id='line_1_23' title="bbox 131 2163 996 2238; baseline 0.005 -18"><span class='ocrx_word' id='word_1_143' title='bbox 131 2168 194 2222; x_wconf 91' lang='lat' dir='ltr'>dem</span> <span class='ocrx_word' id='word_1_144' title='bbox 212 2167 315 2223; x_wconf 85' lang='lat' dir='ltr'>Christi</span> <span class='ocrx_word' id='word_1_145' title='bbox 334 2167 501 2224; x_wconf 83' lang='lat' dir='ltr'>mediatoris.</span> <span class='ocrx_word' id='word_1_146' title='bbox 535 2167 748 2238; x_wconf 66' lang='lat' dir='ltr'>videlisset,</span> <span class='ocrx_word' id='word_1_147' title='bbox 766 2171 813 2225; x_wconf 83' lang='lat'>20.</span> <span class='ocrx_word' id='word_1_148' title='bbox 832 2171 878 2228; x_wconf 85' lang='lat'>21.</span> <span class='ocrx_word' id='word_1_149' title='bbox 895 2163 996 2233; x_wconf 57' lang='lat' dir='ltr'>etth&amp;</span> 
     </span>
     <span class='ocr_line' id='line_1_24' title="bbox 108 2237 579 2306; baseline 0.004 -18"><span class='ocrx_word' id='word_1_150' title='bbox 108 2237 172 2290; x_wconf 79' lang='lat' dir='ltr'>Jer.</span> <span class='ocrx_word' id='word_1_151' title='bbox 192 2239 237 2304; x_wconf 82' lang='lat'>30,</span> <span class='ocrx_word' id='word_1_152' title='bbox 255 2240 305 2306; x_wconf 77' lang='lat'>213</span> <span class='ocrx_word' id='word_1_153' title='bbox 323 2237 390 2293; x_wconf 75' lang='lat' dir='ltr'>Jot.</span> <span class='ocrx_word' id='word_1_154' title='bbox 408 2241 435 2305; x_wconf 81' lang='grc'>3,</span> <span class='ocrx_word' id='word_1_155' title='bbox 454 2240 489 2289; x_wconf 81' lang='lat'>15</span> <span class='ocrx_word' id='word_1_156' title='bbox 509 2237 579 2305; x_wconf 82' lang='lat' dir='ltr'>eto.)</span> 
     </span>
    </p>
   </div>
   <div class='ocr_carea' id='block_1_8' title="bbox 132 2368 984 2448">
    <p class='ocr_par' dir='ltr' id='par_1_10' title="bbox 132 2368 984 2448">
     <span class='ocr_line' id='line_1_25' title="bbox 132 2368 984 2448; baseline 0 -14"><span class='ocrx_word' id='word_1_157' title='bbox 132 2371 181 2438; x_wconf 80' lang='grc'>12.</span> <span class='ocrx_word' id='word_1_158' title='bbox 222 2369 307 2448; x_wconf 79' lang='lat' dir='ltr'>Quae</span> <span class='ocrx_word' id='word_1_159' title='bbox 327 2397 417 2440; x_wconf 85' lang='lat' dir='ltr'>sosas</span> <span class='ocrx_word' id='word_1_160' title='bbox 438 2385 630 2440; x_wconf 80' lang='lat' dir='ltr'>sacramenta</span> <span class='ocrx_word' id='word_1_161' title='bbox 652 2373 769 2438; x_wconf 78' lang='lat' dir='ltr'>Veteris</span> <span class='ocrx_word' id='word_1_162' title='bbox 794 2368 984 2440; x_wconf 79' lang='lat' dir='ltr'>Testamenti?</span> 
     </span>
    </p>
   </div>
   <div class='ocr_carea' id='block_1_9' title="bbox 108 2485 1019 2808">
    <p class='ocr_par' dir='ltr' id='par_1_11' title="bbox 108 2485 1019 2808">
     <span class='ocr_line' id='line_1_26' title="bbox 196 2485 1006 2570; baseline 0 -16"><span class='ocrx_word' id='word_1_163' title='bbox 196 2488 289 2570; x_wconf 84' lang='lat' dir='ltr'>Quae</span> <span class='ocrx_word' id='word_1_164' title='bbox 315 2503 387 2555; x_wconf 90' lang='lat' dir='ltr'>ante</span> <span class='ocrx_word' id='word_1_165' title='bbox 401 2488 521 2556; x_wconf 86' lang='lat' dir='ltr'>Christi</span> <span class='ocrx_word' id='word_1_166' title='bbox 540 2491 574 2553; x_wconf 91' lang='lat' dir='ltr'>in</span> <span class='ocrx_word' id='word_1_167' title='bbox 594 2512 723 2554; x_wconf 86' lang='lat' dir='ltr'>carnem</span> <span class='ocrx_word' id='word_1_168' title='bbox 737 2491 910 2556; x_wconf 87' lang='lat' dir='ltr'>adventum</span> <span class='ocrx_word' id='word_1_169' title='bbox 928 2485 1006 2554; x_wconf 82' lang='lat' dir='ltr'>insti</span> 
     </span>
     <span class='ocr_line' id='line_1_27' title="bbox 108 2574 1008 2660; baseline 0.001 -23"><span class='ocrx_word' id='word_1_170' title='bbox 108 2584 178 2638; x_wconf 88' lang='lat' dir='ltr'>tuta</span> <span class='ocrx_word' id='word_1_171' title='bbox 198 2574 310 2660; x_wconf 85' lang='lat' dir='ltr'>figuris</span> <span class='ocrx_word' id='word_1_172' title='bbox 334 2575 527 2659; x_wconf 90' lang='lat' dir='ltr'>quibusdam</span> <span class='ocrx_word' id='word_1_173' title='bbox 549 2574 713 2640; x_wconf 89' lang='lat' dir='ltr'>Christum</span> <span class='ocrx_word' id='word_1_174' title='bbox 742 2597 817 2639; x_wconf 87' lang='lat' dir='ltr'>oum</span> <span class='ocrx_word' id='word_1_175' title='bbox 838 2576 904 2641; x_wconf 93' lang='lat' dir='ltr'>suis</span> <span class='ocrx_word' id='word_1_176' title='bbox 922 2577 1008 2639; x_wconf 65' lang='lat' dir='ltr'>bene</span> 
     </span>
     <span class='ocr_line' id='line_1_28' title="bbox 108 2658 1019 2808; baseline 0.003 -85"><span class='ocrx_word' id='word_1_177' title='bbox 108 2658 332 2808; x_wconf 56' lang='lat' dir='ltr'>iiiii-iniimus</span> <span class='ocrx_word' id='word_1_178' title='bbox 353 2661 593 2738; x_wconf 88' lang='lat' dir='ltr'>adumbrarunt,</span> <span class='ocrx_word' id='word_1_179' title='bbox 614 2681 678 2744; x_wconf 93' lang='lat' dir='ltr'>quo</span> <span class='ocrx_word' id='word_1_180' title='bbox 701 2660 845 2726; x_wconf 86' lang='lat' dir='ltr'>exhibito</span> <span class='ocrx_word' id='word_1_181' title='bbox 866 2662 1019 2746; x_wconf 66' lang='lat' dir='ltr'>abrogato</span> 
     </span>
    </p>
   </div>
   <div class='ocr_carea' id='block_1_10' title="bbox 111 2867 1036 2966">
    <p class='ocr_par' dir='ltr' id='par_1_12' title="bbox 111 2867 1036 2966">
     <span class='ocr_line' id='line_1_29' title="bbox 111 2867 1036 2966; baseline -0.003 -24"><span class='ocrx_word' id='word_1_182' title='bbox 111 2879 160 2946; x_wconf 85' lang='lat'>13.</span> <span class='ocrx_word' id='word_1_183' title='bbox 201 2880 282 2958; x_wconf 76' lang='lat' dir='ltr'>Quos</span> <span class='ocrx_word' id='word_1_184' title='bbox 301 2884 435 2966; x_wconf 72' lang='lat' dir='ltr'>fuerunt</span> <span class='ocrx_word' id='word_1_185' title='bbox 455 2892 648 2945; x_wconf 79' lang='lat' dir='ltr'>sacramenta</span> <span class='ocrx_word' id='word_1_186' title='bbox 674 2881 791 2944; x_wconf 79' lang='lat' dir='ltr'>Veteris</span> <span class='ocrx_word' id='word_1_187' title='bbox 817 2867 1036 2947; x_wconf 68' lang='lat' dir='ltr'>Testamenta?</span> 
     </span>
    </p>
   </div>
   <div class='ocr_carea' id='block_1_11' title="bbox 103 2996 1044 3148">
    <p class='ocr_par' dir='ltr' id='par_1_13' title="bbox 103 2996 1044 3148">
     <span class='ocr_line' id='line_1_30' title="bbox 142 2996 1044 3143; baseline 0.004 -82"><span class='ocrx_word' id='word_1_188' title='bbox 142 2996 286 3143; x_wconf 56' lang='lat' dir='ltr'>halpuo&#39;</span> <span class='ocrx_word' id='word_1_189' title='bbox 318 2998 515 3064; x_wconf 87' lang='lat' dir='ltr'>oiroumoisio</span> <span class='ocrx_word' id='word_1_190' title='bbox 545 3010 576 3064; x_wconf 92' lang='lat' dir='ltr'>et</span> <span class='ocrx_word' id='word_1_191' title='bbox 608 3000 707 3086; x_wconf 90' lang='lat' dir='ltr'>phase</span> <span class='ocrx_word' id='word_1_192' title='bbox 734 2999 802 3064; x_wconf 90' lang='lat' dir='ltr'>sive</span> <span class='ocrx_word' id='word_1_193' title='bbox 830 3021 932 3086; x_wconf 80' lang='lat' dir='ltr'>agnus</span> <span class='ocrx_word' id='word_1_194' title='bbox 957 3010 1044 3084; x_wconf 56' lang='lat' dir='ltr'>pal</span> 
     </span>
     <span class='ocr_line' id='line_1_31' title="bbox 103 3101 233 3148; baseline 0.031 -5"><span class='ocrx_word' id='word_1_195' title='bbox 103 3101 142 3144; x_wconf 86' lang='lat' dir='ltr'>so</span> <span class='ocrx_word' id='word_1_196' title='bbox 196 3103 233 3148; x_wconf 86' lang='lat' dir='ltr'>rs.</span> 
     </span>
    </p>
   </div>
   <div class='ocr_carea' id='block_1_12' title="bbox 104 3193 1044 3342">
    <p class='ocr_par' dir='ltr' id='par_1_14' title="bbox 104 3193 1044 3342">
     <span class='ocr_line' id='line_1_32' title="bbox 177 3193 1044 3270; baseline -0.005 -11"><span class='ocrx_word' id='word_1_197' title='bbox 177 3195 230 3259; x_wconf 78' lang='lat' dir='ltr'>(Ex</span> <span class='ocrx_word' id='word_1_198' title='bbox 255 3199 355 3268; x_wconf 86' lang='lat' dir='ltr'>quibus</span> <span class='ocrx_word' id='word_1_199' title='bbox 381 3200 452 3254; x_wconf 88' lang='lat' dir='ltr'>illud</span> <span class='ocrx_word' id='word_1_200' title='bbox 473 3199 652 3270; x_wconf 82' lang='lat' dir='ltr'>initiationis,</span> <span class='ocrx_word' id='word_1_201' title='bbox 677 3199 731 3254; x_wconf 87' lang='lat' dir='ltr'>hoe</span> <span class='ocrx_word' id='word_1_202' title='bbox 750 3198 959 3256; x_wconf 78' lang='lat' dir='ltr'>continuationis</span> <span class='ocrx_word' id='word_1_203' title='bbox 978 3193 1044 3248; x_wconf 59' lang='lat' dir='ltr'>it</span> 
     </span>
     <span class='ocr_line' id='line_1_33' title="bbox 104 3262 928 3342; baseline 0.008 -24"><span class='ocrx_word' id='word_1_204' title='bbox 104 3262 218 3320; x_wconf 82' lang='lat' dir='ltr'>foedere</span> <span class='ocrx_word' id='word_1_205' title='bbox 238 3272 266 3320; x_wconf 88' lang='lat' dir='ltr'>et</span> <span class='ocrx_word' id='word_1_206' title='bbox 278 3266 500 3324; x_wconf 77' lang='lat' dir='ltr'>&#39;confirmat-ionis</span> <span class='ocrx_word' id='word_1_207' title='bbox 521 3275 725 3325; x_wconf 79' lang='lat' dir='ltr'>samamentum</span> <span class='ocrx_word' id='word_1_208' title='bbox 743 3269 800 3325; x_wconf 87' lang='lat' dir='ltr'>diei</span> <span class='ocrx_word' id='word_1_209' title='bbox 813 3271 928 3342; x_wconf 76' lang='lat' dir='ltr'>potest)</span> 
     </span>
    </p>
   </div>
   <div class='ocr_carea' id='block_1_13' title="bbox 0 0 1134 3766">
    <p class='ocr_par' dir='ltr' id='par_1_15' title="bbox 0 0 1134 3766">
     <span class='ocr_line' id='line_1_34' title="bbox 0 0 1134 3766; baseline 0 1"><span class='ocrx_word' id='word_1_210' title='bbox 0 0 1134 3766; x_wconf 95' lang='lat' dir='ltr'> </span> 
     </span>
    </p>
   </div>
  </div>
 </body>
</html>
