2258 3766
156 218 222 284 408
293 215 400 304 Caput
421 215 464 283 IL
503 217 559 282 -De
577 215 725 301 symbolo
747 215 936 301 apostolico.

162 382 231 440 Plus
247 384 320 439 enim
337 385 425 439 estin
442 384 632 452 conclusione,
651 401 735 455 quam
752 384 783 437 in
819 384 969 439 mensionis
1002 384 1126 443 (lut-:¹

165 461 187 510 1.
206 455 334 523 nuspiam
355 454 496 536 esclusiva
514 454 550 506 sit
569 454 672 535 addita,
693 460 721 508 et
740 459 781 534 ²2
814 454 863 507 'ud
880 455 918 509 sit
935 460 1126 536 nsonuun

161 538 223 578 esse
239 540 290 593 pro
309 524 419 591 electrs,
450 522 526 576 ahud
543 540 594 592 pro
611 523 675 575 solrs
702 521 806 577 electis.
856 529 880 577 3.
899 522 1046 594 Seantnrn

165 591 217 646 soli
236 592 379 646 credentes
399 595 557 662 resurgent,
576 592 641 661 quia
661 591 805 645 credentes
823 590 991 663 resurgent?
1015 591 1126 648 8011

162 660 306 715 credontes
322 665 476 731 resurgent.
512 660 544 714 E.
563 659 688 714 infideles
706 676 763 713 non
781 667 939 732 resurgent.
974 667 999 716 4.
1015 660 1124 715 Ho-

162 729 304 809 monymia
320 735 364 783 est
382 729 412 782 in
427 728 563 809 vocabulo
579 729 674 808 matti,
700 729 776 798 quod
797 729 846 810 lric
859 746 930 810 'non
946 745 1117 809 segrega·

163 797 1113 935 111111111111111111111111131113

163 934 231 988 tiam
247 935 330 1015 moces·
347 935 489 988 constituti
505 941 672 1014 peccatores,
695 935 774 1022 Dan,
797 937 842 1015 32,
861 938 889 992 2.
927 936 1014 989 Muti
1028 948 1104 988 re-

164 1001 1100 1141 1111111111111111111111311111,1ῗὲ

164 1140 247 1195 moth.
265 1142 292 1202 2,
312 1142 338 1193 6.
373 1146 397 1195 3.
417 1140 560 1209 Scriptura
582 1140 683 1193 multos
711 1140 770 1194 sive
798 1141 1004 1195 multitudinem
1022 1153 1094 1207 op·

163 1207 244 1278 ponit
262 1208 398 1277 paucitati
417 1209 582 1276 electorum,
607 1209 711 1262 Mattio.
727 1211 775 1275 20,
792 1212 836 1263 16.
881 1211 915 1266 E.
940 1209 1018 1263 multi
1052 1205 1095 1258 et

165 1277 247 1357 electi
262 1294 320 1357 non
338 1283 403 1330 sunt
416 1296 510 1357 unum.
541 1277 617 1340 Quae
635 1278 670 1331 de
686 1277 884 1334 intercessione
900 1286 929 1333 et
945 1277 1092 1348 precibus

166 1345 268 1400 Chnstr
288 1363 338 1427 pro
356 1347 451 1399 electis
471 1345 604 1413 afferunt,
626 1361 711 1414 supra
736 1345 772 1400 de
796 1345 889 1402 officio
914 1346 1013 1402 Christi
1027 1356 1091 1397 sa·

167 1413 301 1468 cerdotalr
318 1415 456 1484 explicata
473 1421 545 1480 sunt,
562 1413 611 1468 ubi
628 1414 715 1481 vide.)

165 1531 195 1599 6.
223 1535 432 1598 Demonstres
454 1536 522 1599 III.
537 1535 633 1616 juata
649 1535 847 1617 propositum
867 1535 934 1598 Dei
951 1537 1085 1598 uomer-

165 1619 228 1681 aule
249 1619 305 1682 loc
325 1622 467 1684 moriam
479 1618 596 1681 Carisa·
613 1620 753 1682 omnibus
769 1619 1084 1685 omnicolooinibus

198 1725 257 1786 per
279 1706 478 1788 evanpclii
493 1704 756 1789 praedicationem
782 1704 888 1768 debera
909 1701 1034 1788 offerri?

250 1823 362 1886 Mattlr.
389 1823 446 1897 11,
467 1821 518 1887 28.
575 1817 692 1886 Venite
715 1819 755 1883 ad
783 1843 835 1884 me
864 1843 982 1897 omnes,
1013 1807 1080 1901 qui

165 1903 318 1969 laboratis
342 1917 374 1970 et
396 1905 517 1970 onerati
539 1905 624 1989 estis,
646 1927 707 1990 ego
728 1905 870 1969 reficiam
889 1927 954 1968 vos.

251 1992 362 2055 Matre.
385 1991 437 2075 28,
462 1992 511 2056 19.
553 1989 602 2053 Ite
625 1999 657 2053 et
676 1989 787 2054 docete
809 2013 913 2053 omnes
933 1998 1078 2075 gentes„

250 2077 351 2140 More.
377 2077 415 2141 16
422 2126 431 2159 ,
455 2077 503 2141 15.
547 2073 737 2138 Praedicate
765 2073 967 2160 evangelium
991 2082 1076 2137 emm

166 2168 328 2223 creaturae
352 2159 546 2242 (rationali).

252 2245 358 2308 Actor.
381 2246 435 2329 17,
457 2246 507 2310 30.
557 2243 717 2329 Tempora
752 2244 847 2326 hujus
879 2235 1068 2330 ignorantiae

167 2325 378 2391 dissimulavit
391 2328 493 2406 Deus,
514 2350 598 2392 nunc
620 2339 727 2392 autem
751 2328 923 2392 annunciat
942 2323 1065 2392 homim-

169 2411 240 2488 bus,
260 2424 296 2475 ut
318 2436 421 2477 omnes
441 2418 550 2499 abique
571 2413 769 2499 resipiscant.
1124 2473 1126 2479 ,

255 2497 283 2561 l.
300 2497 378 2561 Tim.
393 2498 423 2583 2,
442 2500 472 2560 4.
509 2499 600 2562 Deus
619 2498 686 2561 vult
709 2497 869 2562 manased
883 2496 1055 2585 agnitionum

167 2580 309 2647 veritatis
330 2582 504 2667 pervenire.
1124 2596 1126 2602 '

182 2772 189 2786 .
237 2701 327 2823 (Igffi
346 2706 424 2782 patet
441 2699 478 2753 ab
497 2697 647 2753 universali
665 2697 808 2821 volpentapts
825 2699 950 2822 Diis’rret
968 2694 1051 2822 colleg
1114 2679 1117 2687 ⁵

167 2777 257 2907 stiffi,
275 2777 537 2960 pimpioffiscsigxlgs·
550 2783 856 2907 {gffizelglaulluuilius
876 2776 1051 2918 αρᾚηοῆὼ

169 2926 232 2963 rum
254 2908 276 2962 0
296 2907 357 2961 rists
380 2910 621 2978 partrcrpatronem
642 2921 787 2985 vocamur,
810 2922 868 2960 non
891 2904 1052 2979 nannents

168 2978 206 3032 ad
227 2976 352 3048 quosvis,
377 2976 428 3029 sed
464 2973 555 3043 roprie
578 2981 688 3026 tactam
707 2989 799 3043 rerpsa
821 2974 859 3028 ad
876 2973 977 3030 electos
1119 3042 1125 3049 .

168 3062 235 3140 nere
254 3045 396 3102 dimicant.
459 3043 569 3122 ideatur
586 3045 664 3096 Besa
681 3059 753 3122 resp.
772 3049 797 3096 2.
807 3042 845 3096 ad
863 3043 961 3116 colloq.
1002 3053 1056 3109 orrp
1123 3080 1126 3091 .

169 3109 1061 3263 1111111111.1111111111111111

171 3249 265 3305 solum
283 3250 328 3304 luc
345 3258 388 3305 est
407 3257 429 3306 1.
449 3249 525 3323 quod
538 3248 775 3303 umversslrtatem
785 3247 859 3304 hanc
869 3263 1065 3320 promissionum
