2250 3772
107 256 172 322 424
242 252 349 338 Caput
369 251 414 320 ΙΙ.
457 252 510 315 De
532 248 680 335 symbolo
701 248 881 335 apostolico.
923 238 926 243 ¹
1001 39 1039 329 x

107 422 169 547 {ult
186 421 290 545 haeges.
309 426 360 555 43.)
371 426 391 475 t.
410 426 434 476 6.
453 420 505 473 col.
520 424 559 473 20,
574 418 607 472 Β.
642 418 772 475 Protesi.
788 416 830 471 lib
857 422 893 471 13.
907 414 996 467 hius·

128 532 134 546 .
154 510 182 561 p.
204 498 210 511 ⁴
230 498 235 510 ¹
256 529 263 542 .
281 507 307 542 n.
327 496 349 543 “,

142 628 172 691 3.
214 628 260 689 As
282 628 435 709 quoiaodo
460 626 627 711 inquorum
648 648 785 709 corpora
806 626 839 688 ia
858 622 970 705 flammis

228 712 294 773 istis
317 713 413 794 iussis
429 722 579 794 perpetuo
601 713 718 773 durare
733 706 905 793 potcrrmt?

196 810 270 874 Fiet
289 809 370 873 illud
396 809 485 887 inde,
515 809 591 893 quia
618 809 761 874 damnati
790 830 856 873 non
884 804 996 893 amplius

111 894 277 958 habebunt
300 916 435 979 corpora
456 895 630 972 naturalia,
649 895 706 959 sed
729 917 771 960 ex
791 890 996 959 resurrectione

112 978 367 1063 incorruptibilia
400 981 462 1044 hoc
490 979 570 1058 fine,
601 991 637 1043 ut
666 978 792 1043 debitas
820 990 998 1065 peecatorum

109 1087 230 1151 poenas
253 1064 398 1141 sufficere
421 1065 553 1149 possint.

181 1183 265 1249 (Nou
289 1184 360 1235 euim
382 1182 503 1235 absumit
530 1182 613 1253 (ignis
638 1180 795 1251 infernalis)
821 1182 899 1250 arrad
923 1177 1000 1243 sarrit,

111 1252 165 1303 ssd
182 1252 250 1303 dam
268 1259 372 1320 ararat,
389 1259 516 1319 reparat.
539 1251 660 1307 i'crtuii.
679 1250 791 1321 apolog.
803 1248 998 1319 adversusgut

111 1335 135 1373 c.
154 1324 194 1375 48.
214 1325 234 1373 t.
257 1325 278 1373 1.
295 1337 323 1389 p.
343 1325 384 1375 93.
404 1320 437 1373 B.
472 1320 555 1373 Idam
572 1321 659 1388 icitur
678 1321 793 1373 diuinus
809 1320 884 1389 ionis
900 1336 951 1373 uso
965 1332 998 1369 so·

109 1389 228 1456 demque
246 1389 276 1441 oi
293 1396 376 1455 atquc
390 1388 566 1457 potentiosi
585 1389 720 1442 cremabit
737 1388 848 1457 impios,
868 1396 894 1441 et
910 1402 998 1457 scurra

110 1456 156 1520 bit,
176 1465 202 1509 st
219 1465 352 1523 quautam
370 1474 384 1510 e
401 1458 565 1525 corporibus
579 1459 710 1523 absumet,
728 1465 837 1511 tautum
849 1462 961 1525 reponet,
974 1468 999 1504 ot

108 1525 165 1577 sibi
181 1526 242 1593 ipsc
260 1535 402 1579 aeteruum
417 1526 554 1594 pabulum
571 1526 803 1579 subministrabit.
837 1526 958 1579 Lartaat.
969 1520 997 1573 ir·

109 1592 197 1648 stitut.
223 1593 271 1648 lib.
301 1602 323 1649 Ἰ.
359 1612 382 1650 c.
411 1601 453 1649 21.
478 1613 506 1664 p.
534 1599 593 1648 322.
635 1595 683 1647 Sic
708 1595 847 1663 absumat,
871 1602 902 1647 ut
923 1595 998 1655 sard

108 1662 150 1715 sic
169 1664 298 1728 servabit,
318 1671 348 1715 ut
368 1664 488 1727 urreisi,
514 1664 682 1731 dabiturque
701 1663 815 1716 miseris
831 1663 892 1717 vita
911 1664 996 1715 immor·

109 1732 190 1798 atis,
215 1740 369 1855 etima·
380 1732 525 1786 servatrix.
569 1732 698 1786 Cassiod.
712 1731 750 1812 'in
767 1731 844 1821 ξεαὶ.
863 1737 903 1786 20.
925 1749 948 1800 p.
967 1732 995 1781 it.

110 1798 144 1857 F.
165 1799 199 1855 Gr.
274 1810 420 1871 agustinus
446 1801 569 1855 declarat
603 1800 735 1870 exemplis
766 1798 997 1855 balsmandrsest

108 1870 290 2010 {argteffiin
308 1870 409 1940 Sicilia,
432 1869 450 1925 l.
470 1876 511 1925 21.
534 1869 569 1924 de
586 1868 616 1925 C.
636 1869 672 1922 D.
696 1885 720 1922 o.
740 1874 765 1923 4.
789 1875 810 1923 t.
830 1875 854 1924 5.
877 1868 924 1923 coi
941 1868 994 1921 libi.

108 2074 138 2138 4.
181 2077 272 2139 Anas
297 2078 413 2160 aradus
438 2097 614 2157 positarum
644 2088 672 2138 et
702 2077 892 2139 cruciatuum
913 2078 941 2139 iu
958 2074 992 2135 in-

439 2161 532 2240 feruo
547 2160 679 2243 futuri?

196 2257 336 2322 Oinniao.
386 2258 512 2322 Reddet
542 2258 627 2322 enim
653 2260 745 2323 Deus
773 2261 941 2361 unicuique
961 2275 992 2317 u·

111 2344 245 2404 candum
267 2365 364 2428 opera
387 2366 454 2419 sua,
476 2344 567 2409 liora.
583 2345 614 2420 2,
629 2346 658 2410 6.
703 2344 871 2410 iudicium
893 2368 925 2409 111
940 2358 991 2429 pro·

108 2447 196 2490 ceros
223 2428 458 2491 severissimum
486 2428 701 2506 exercebitur,
729 2441 761 2493 et
788 2444 930 2516 potentes
951 2445 991 2511 po·

108 2522 211 2575 tenter
232 2523 389 2576 tormenta
410 2511 580 2598 patientur,
605 2514 681 2600 Sap.
704 2515 734 2590 6,
757 2516 786 2579 6.
812 2518 841 2582 7.

194 2612 254 2677 Ille
275 2638 394 2692 servus,
418 2614 474 2697 qui
495 2615 583 2678 novit
602 2615 799 2679 voluntatem
820 2614 989 2689 Dominis

107 2720 173 2762 non
195 2720 229 2761 se
249 2701 466 2784 praeparavit,
496 2722 555 2762 nec
574 2700 650 2763 fecit
677 2701 852 2766 secundum
873 2701 989 2790 voluntis

107 2794 172 2847 tem
193 2784 277 2866 ejus,
300 2786 450 2849 caedetur
470 2784 596 2860 mult-ia,
626 2784 682 2867 qui
713 2798 820 2850 autem
841 2810 905 2851 non
926 2788 988 2847 noui

106 2878 148 3016 {tq
167 2868 243 3017 figit
262 2869 360 2954 digna
387 2869 510 2956 plagis,
539 2870 689 2933 caedetur
709 2872 833 2957 paucis,
866 2873 937 2936 Lac.
954 2862 994 2933 lb

175 3070 264 3137 (Idem
288 3075 407 3125 testatur
428 3071 564 3124 Dominus
589 3075 656 3125 Luc.
683 3074 732 3138 10,
758 3075 812 3126 12.-
839 3074 906 3128 Dico
924 3062 1004 3124 urbib

105 3139 180 3208 quod
199 3139 325 3194 Sodomis
343 3139 371 3192 in
385 3139 430 3194 dic
448 3140 495 3192 illo
514 3140 691 3193 tolerabilius
711 3141 764 3195 erit
777 3141 910 3211 judicium
925 3144 992 3209 quw

104 3207 197 3273 vobis,
218 3212 247 3262 et
266 3210 302 3261 sd
313 3209 486 3276 Pharisaeos,
505 3209 609 3264 Mattb.
622 3212 667 3276 23,
682 3213 732 3262 14.-
748 3217 864 3291 propter
879 3210 925 3264 hoc
938 3214 999 3273 ψ’

103 3276 165 3327 oius
185 3276 316 3330 auferetis
332 3277 478 3346 judicium.
521 3278 611 3332 Taato
636 3279 753 3347 crucior
777 3280 895 3350 ssaqaiis
907 3279 999 3345 Μῦν
