2250 3772
150 228 216 290 5220
351 224 457 311 Caput
478 226 538 292 IV.
581 225 634 289 De
655 225 826 310 baptismo.

152 395 241 448 menti
257 394 328 448 ratio
347 394 451 449 eadem.
483 399 507 448 3.
527 393 572 448 De
595 394 693 448 iisdem
717 393 855 475 infundesz
872 392 921 447 ubi
938 391 1044 446 adolere·

151 464 209 516 rint
253 463 400 534 diligenter
427 470 492 517 sunt
515 463 668 516 erudiendi.
712 464 772 515 Nec
791 462 912 531 demque
933 462 1014 514 virtut
1024 466 1044 539 t.

135 503 228 602 ·quo‹l
245 532 367 587 infantes
385 531 505 585 foederis
528 531 590 584 initi
614 548 677 585 cum
695 531 756 585 Deo
780 530 877 600 capito
892 546 947 583 non
961 528 1046 584 intelli·

151 617 219 671 gcre
239 602 354 670 possint.
400 602 532 666 Wiponcl.
550 601 585 654 de
602 600 785 668 anabaptism.
806 616 833 669 p.
848 606 905 653 130.
933 597 1046 654 siceum

152 677 181 722 et
205 671 304 723 iterum
329 669 501 723 circumcisio
523 670 698 749 puerulorum
723 668 823 722 firisset
848 666 1047 722 intermittendo.

152 743 177 793 2.
198 738 309 791 Foedus
330 756 362 792 ex
379 747 459 808 porte
479 739 532 791 Der
557 737 733 791 immobiliter
750 743 841 790 rutum
866 745 896 790 et
908 735 1048 806 probatum,

151 807 259 861 etiamsi
288 807 379 859 infans
405 824 455 877 per
479 806 655 861 manifestum
679 806 794 860 rationis
819 822 902 859 usum
921 805 988 858 illud
1001 818 1047 857 nou

151 875 293 944 pereipiat.
333 875 377 928 Itu
400 875 507 929 scilieet
529 874 664 944 sapientia
681 874 736 928 Dei
762 891 779 928 u
798 874 900 944 spiritu
920 871 1046 942 anabapti-

152 942 221 996 stieo
244 950 421 1013 praepostere
436 943 625 1014 justificatur.)

151 1064 204 1131 38.
244 1063 328 1140 Quid
349 1066 542 1128 statuendum
564 1077 664 1127 autem
684 1068 721 1127 de
742 1065 781 1126 iis
802 1066 987 1147 insontibus,
1005 1060 1048 1143 qui

181 1150 246 1211 siue
268 1151 420 1232 baptismo
444 1151 597 1225 decedunt,
621 1172 699 1294 cripe
720 1150 774 1211 isti
793 1161 919 1211 aeterno
940 1148 1021 1212 coitio

529 1245 658 1316 pereunt

236 1353 336 1415 Adsit.
380 1349 659 1429 Quemadmodum
689 1350 775 1413 enim
801 1350 878 1414 olim
906 1350 940 1413 in
959 1350 996 1415 V.
1014 1346 1044 1411 T.

151 1435 306 1518 infantes,
336 1435 391 1518 qui
420 1446 492 1498 ante
522 1448 669 1499 octavum
695 1434 781 1499 diem
809 1436 879 1499 sine
901 1430 1045 1499 circumci-

140 1520 241 1583 sione
272 1519 506 1595 moriebantur,
538 1519 745 1584 nihilomiuus
773 1518 896 1585 lsalvati
925 1520 1043 1591 fireruul,

148 1604 194 1669 itu
226 1604 321 1668 etiam
349 1605 445 1669 hodie
468 1604 721 1670 Christianorum
740 1605 894 1688 infantes,
928 1602 980 1688 qui
1004 1600 1043 1665 in·

151 1690 280 1777 opinato
303 1690 500 1753 necessitatis
523 1712 599 1753 casu
632 1691 752 1754 exclusi
783 1690 944 1776 baptismo
963 1682 1041 1774 potiri

149 1786 327 1861 nequeunt,
350 1788 542 1838 nontamen
566 1774 638 1838 ideo
661 1788 812 1861 pereunt,
836 1776 894 1839 sed
916 1774 979 1838 sine
998 1771 1042 1833 bu·

139 1872 143 1878 '
175 1861 266 1924 rismo
300 1861 342 1923 ad
370 1861 504 1923 salutem
536 1860 732 1945 perveniunt.
782 1862 845 1925 Hic
879 1864 956 1923 oiim
979 1854 1040 1920 volet

149 1884 188 2009 ii.
201 1945 377 2030 Augustini
397 1947 503 2029 tepula
525 1948 544 2009 l.
560 1952 589 2013 4.
613 1958 690 2010 coiit.
706 1947 866 2008 Donatist.
885 1970 913 2011 o.
926 1947 973 2008 24.
993 1953 1009 2003 t.
1020 1942 1039 2001 7.

150 2034 205 2096 ool.
229 2036 304 2096 433.
322 2031 364 2091 C:
398 2055 458 2095 ooo
476 2032 631 2113 prioridie,
662 2033 715 2092 sed
735 2042 924 2113 contemptus
952 2048 1037 2090 socro-

149 2120 245 2179 meuti
264 2119 400 2178 (loiunot.

221 2230 302 2295 (Dico
333 2237 354 2284 1.
383 2231 607 2283 Christianorum
631 2231 765 2297 infantes.
811 2231 867 2294 Qui
890 2229 962 2287 enim
980 2232 1037 2282 exin

149 2298 315 2352 christianae
336 2298 469 2353 ecclesiae
485 2299 626 2367 pomoeria
643 2299 713 2367 nuti,
731 2316 777 2352 eos
793 2299 847 2353 Dei
864 2299 968 2370 judicio
984 2309 1036 2350 com·

141 2368 293 2422 mendatos
312 2368 453 2433 volumus,
471 2372 497 2424 1.
519 2369 582 2421 Cor.
602 2373 627 2427 ὁ,
647 2374 690 2422 12.
709 2371 753 2423 13.
789 2367 863 2421 Dico
882 2378 905 2423 2.
924 2369 951 2421 io
967 2378 1037 2440 nerto

150 2437 245 2489 citatio
263 2455 341 2504 cusu,
357 2444 389 2489 ut
407 2443 484 2505 puto,
504 2436 552 2505 qui
568 2437 613 2489 vel
629 2436 659 2490 in
678 2436 738 2505 ipso
754 2437 951 2503 metuentem,
968 2432 1006 2488 vol
1018 2444 1039 2482 ln

146 2504 209 2573 ipso
225 2511 317 2573 portu,
338 2506 382 2558 vel
394 2505 472 2559 brevi
489 2514 627 2559 momento
636 2512 700 2574 post
709 2514 827 2573 partum,
846 2507 891 2559 vel
905 2503 1040 2570 auorum

147 2590 214 2627 casu
232 2573 373 2642 inopinato
392 2574 613 2643 exstinguuntur.
648 2574 686 2627 Hi
703 2591 824 2644 numque
847 2575 921 2629 siout
942 2579 1051 2647 contem·

147 2650 213 2709 ptus
233 2643 397 2695 sacramenti
426 2643 548 2695 accusari
573 2659 628 2696 non
656 2649 787 2712 possunt,
810 2642 851 2696 ite
868 2661 921 2697 nee
939 2644 1053 2696 cureuil

148 2711 274 2778 ejusdem
301 2712 401 2763 damno
428 2711 467 2764 eis
493 2728 552 2765 esso
581 2717 681 2781 potest.
727 2712 894 2766 Bernhard.
921 2711 993 2781 epist
1009 2708 1057 2785 ii·-

148 2778 198 2832 col.
214 2786 287 2834 1457.
301 2781 334 2833 B.
373 2782 438 2833 Nou
458 2780 485 2831 si
505 2782 568 2847 quio
586 2780 734 2847 nequierit,
753 2783 806 2833 scd
823 2782 851 2832 oi
867 2772 1074 2847 conscripum&

143 2848 300 2913 hammoni,
322 2850 422 2910 fructu
442 2850 578 2916 privator
603 2850 788 2916 baptismatis.
829 2850 974 2916 Angustia.
990 2845 1006 2899 l
1020 2846 1067 2895 Ι·

146 2924 234 2971 oontr.
253 2916 390 2969 Donutist
408 2934 432 2970 c.
452 2923 492 2971 22.
511 2925 531 2973 t.
552 2926 575 2972 8.
594 2918 644 2971 eol.
660 2924 717 2971 432.
730 2917 764 2970 B.
806 2919 885 2970 ilino
902 2926 1077 2971 ramamu‘

145 2990 204 3035 tom
225 2986 358 3052 baptismi
376 2986 509 3053 impletor
528 2986 685 3052 visibiliter,
705 3004 767 3038 com
786 2986 912 3055 idipsum
930 2992 1083 3059 noncop‘

146 3057 267 3118 temptor
295 3055 456 3122 reliyioois,
489 3058 541 3107 sed
563 3055 702 3107 articulos
727 3056 853 3108 occludit
877 3052 1083 3108 necessitut-

144 3117 230 3196 Ratio
255 3129 312 3190 est,
340 3122 406 3191 quie
429 3123 506 3177 Deus
531 3139 587 3176 non
612 3129 656 3176 est
674 3123 806 3193 alligatus
824 3124 862 3177 ad
880 3124 1083 3177 sacrament&

143 3187 210 3239 ideo
228 3196 257 3243 et
275 3191 492 3245 extraordinaria
510 3191 670 3245 immediata
688 3193 798 3247 actione
817 3192 902 3247 fidem
923 3188 1083 3262 laisein?

140 3271 226 3311 nemo
245 3256 306 3310 Deo
324 3259 434 3326 plaeere
451 3265 552 3329 potest,
569 3262 656 3314 Hebr.
673 3265 716 3329 11,
737 3264 776 3327 6.)
794 3261 824 3315 iu
841 3279 898 3315 non
915 3254 1083 3329 baptista¹³

69 3494 198 3520 a*
