2250 3772
143 319 149 325 ,
232 246 285 312 De
301 247 543 330 justificatione..
571 284 575 289 ·
776 247 842 313 371.

93 413 250 486 justificari
269 415 359 479 idem,
388 415 463 486 quod
488 432 506 469 a
528 415 650 485 peccatis
667 421 697 471 et
721 417 841 471 aeternis

78 500 108 538 m
126 483 270 554 suppliciis
288 484 393 539 absolvi
411 489 438 539 et
446 485 554 553 justum
565 484 749 554 pronunciari.
777 485 840 550 Quo

78 553 171 624 ripitur
194 553 280 607 Pron.
299 556 342 620 17,
360 556 410 606 15:
452 553 506 617 Qui
528 552 658 608 'ustificat
675 553 792 624 impium
811 559 841 610 et

78 627 100 676 rt
110 623 222 692 justum
239 627 301 689 ete,
318 623 387 675 an
406 626 432 682 6,
451 624 506 674 23:
556 638 598 688 ae,
617 622 665 694 qui
679 621 841 693 justificatis

78 698 136 755 rto..
159 691 241 744 Rom.
261 693 285 758 8,
302 693 357 743 33:
387 689 456 753 Quis
481 690 624 746 accusabit
647 692 749 746 electos
767 690 840 746 neit

82 759 131 882 u
145 757 841 884 carractere·

221 867 226 878 .
264 867 272 893 ,
458 869 465 884 ,
580 868 586 883 ,

79 938 86 964 ,
112 866 160 968 dui
177 902 274 951 contra
290 868 448 966 Sciipturae
467 868 625 952 testimonia
641 847 842 970 negant-liert

86 964 255 1019 vocabulum
282 981 341 1019 esse
362 965 472 1019 forense
498 971 526 1020 ot
544 966 675 1021 denotare
692 966 760 1020 abso
772 967 842 1020 utio-

78 1035 180 1088 rllarm
198 1033 263 1090 libr.
280 1039 296 1088 2
316 1033 351 1088 de
365 1033 454 1103 justif.
477 1050 502 1088 c.
521 1038 547 1090 3.
570 1040 590 1090 t.
607 1040 633 1089 4.
659 1035 710 1090 col.
729 1039 788 1092 898.
807 1035 842 1092 D.

78 1115 89 1157 ε.
108 1102 175 1156 dum
188 1101 416 1173 justificationem
435 1101 533 1156 dicunt
544 1120 604 1158 esse
614 1102 781 1159 infusionem
796 1104 842 1174 ju·

78 1171 181 1225 Gestar.
208 1171 237 1224 in
262 1170 395 1228 enchirid.
418 1187 441 1226 c.
461 1177 486 1227 6.
509 1188 538 1253 p.
557 1177 617 1228 218.
644 1177 673 1227 et
687 1171 843 1242 justificare

78 1257 116 1293 rm
133 1238 226 1294 facere
240 1239 412 1293 infundendo
429 1240 576 1310 justitiam.
594 1241 734 1296 Bellarm.
747 1241 774 1295 d.
789 1242 842 1297 loo.

87 1308 146 1362 sive
170 1319 256 1362 novas
275 1307 450 1362 inhaerentes
469 1308 630 1379 qualitates,
679 1326 709 1364 er
726 1327 795 1380 quas
811 1311 843 1366 iu

78 1393 85 1431 ι
107 1376 163 1431 Dei
186 1376 268 1431 homo
292 1380 423 1446 peccator
436 1377 530 1446 justus
548 1376 606 1434 fiat.
641 1327 715 1434 ldide
734 1378 841 1435 Goaos'l.

81 1462 149 1500 sees.
169 1451 195 1502 6.
215 1461 239 1499 c.
259 1451 298 1500 16.
326 1445 410 1499 Falso
428 1446 528 1500 omnia.
548 1452 569 1502 t.
584 1447 657 1501 euim
674 1447 751 1502 nullo
770 1447 843 1501 Scri·

78 1514 215 1569 estimonio
242 1513 354 1584 probari
380 1518 484 1583 potest,
501 1514 656 1637 gustificari
683 1515 774 1586 accipi
791 1534 843 1587 pro

92 1582 225 1654 justitiae.
264 1587 287 1636 2.
305 1582 411 1636 Paulus
431 1583 499 1652 justi
522 1585 658 1638 nationem
680 1584 778 1640 definit
800 1602 843 1641 rs·

78 1670 92 1705 u
109 1656 294 1722 peccatorum,
303 1657 341 1722 vet
351 1668 445 1706 eorum
459 1668 515 1705 non
526 1652 745 1722 imputationem,
762 1656 843 1709 Rom.

78 1738 80 1771 ;
101 1720 225 1775 remissio
246 1724 424 1790 peccatorum
450 1736 506 1774 non
525 1727 567 1775 est
588 1721 690 1775 infusio
712 1723 843 1778 ‘ustitiam

77 1806 105 1842 m
131 1789 249 1844 advorsa
273 1788 425 1843 fatentibus
452 1789 609 1858 pontificiis.
659 1796 683 1846 3.
745 1808 844 1845 norum

78 1858 221 1912 iocundum
238 1857 393 1927 pontificios
406 1858 606 1912 meritoriorum
617 1858 771 1928 productio,
787 1876 844 1914 non

78 1944 97 1980 ,ο
111 1925 246 1996 justitiae,
265 1926 314 1980 sed
332 1927 392 1996 ejus
410 1926 549 1983 effectum.
591 1933 614 1982 4.
633 1925 845 1982 Justificationis

78 1997 187 2062 :unica
207 1994 313 2049 Concil.
334 1997 459 2048 Trideot.
478 2011 503 2051 c.
523 2002 546 2049 7.
567 2012 633 2050 sess.
653 2001 677 2052 6.
714 1994 754 2050 At
770 1996 843 2050 infn-

79 2080 125 2132 ae,
146 2063 270 2118 remissio
287 2068 478 2132 peccatorum,
502 2069 530 2117 et
546 2065 692 2132 productio
709 2064 844 2120 bonorum

78 2132 272 2187 neritoriorum
296 2131 449 2187 estforma
470 2132 584 2201 triplex,
609 2149 708 2202 nempe
731 2133 846 2189 habitus

78 2201 150 2268 atio,
168 2200 287 2270 privatio
299 2218 350 2255 seu
361 2200 508 2270 corruptio,
525 2207 553 2255 et
569 2206 647 2256 actus
659 2219 707 2256 seu
719 2202 844 2261 effectus.

77 2270 172 2324 missio
189 2274 366 2339 peccatorum
383 2288 438 2324 non
456 2270 508 2325 erit
525 2269 627 2325 infusio
648 2271 769 2342 gratiae,
787 2276 844 2327 non

78 2355 204 2395 >oncrum
220 2339 368 2408 productio
388 2344 440 2393 etc.
475 2341 537 2392 Neo
554 2341 663 2393 oberant
686 2339 846 2410 Scripturas

78 2424 127 2462 uae
150 2407 196 2461 hio
212 2406 346 2476 pontificii
362 2406 512 2462 cumulant
540 2409 678 2463 Bellarm.
696 2409 762 2463 dict.
782 2409 799 2464 l.
821 2417 844 2467 2.

78 2493 98 2533 o.
120 2481 144 2530 3.
169 2476 221 2529 col.
239 2481 287 2531 897
308 2493 364 2546 seq.
403 2476 570 2546 Plerumque
588 2477 660 2530 enim
678 2476 779 2531 ludunt
795 2477 848 2533 fal..

78 2561 125 2599 on.¹
154 2543 226 2607 Quia
245 2545 355 2614 justitia
378 2550 406 2599 et
428 2543 583 2614 justificare
607 2545 662 2600 alio
684 2552 768 2616 atque
791 2545 845 2600 alio

78 2612 218 2684 ripiuntur‚
238 2613 312 2734 cluod
331 2631 365 2668 ex
381 2613 449 2735 ipsis
467 2613 548 2668 dictis
566 2620 689 2682 constat3
706 2614 751 2669 vel
770 2620 791 2668 2.
810 2614 846 2668 de'

78 2682 188 2746 actuali3
212 2698 245 2735 ve
282 2687 305 2736 3.
326 2682 362 2736 de
381 2698 398 2734 a
418 2683 554 2738 solutione
580 2699 598 2736 a
617 2683 748 2752 peccatis,
774 2697 847 2753 quas
944 2680 947 2689 '

78 2752 108 2808 io.
136 2749 273 2820 Nuepiam
292 2767 358 2804 vero
375 2751 410 2804 de
426 2751 536 2821 justitia
552 2751 711 2806 inhaerente
727 2752 784 2806 sive
798 2750 846 2804 he-

78 2836 138 2899 lnae
156 2825 198 2873 est
216 2819 342 2889 qualitas.
382 2821 443 2872 Nec
462 2821 553 2872 ebetat
576 2827 598 2875 2.
618 2820 756 2874 distinctio
774 2820 847 2874 inter

78 2905 161 2942 ionem
178 2887 294 2958 primam
315 2888 374 2941 sive
390 2887 574 2959 habitualem,
593 2888 703 2959 quaudo
722 2905 755 2943 ex
775 2888 847 2958 inju-

78 2964 150 3017 stus,
169 2962 197 3011 et
216 2958 365 3011 secundam
383 2956 441 3010 sive
457 2957 607 3023 actualem,
647 2957 738 3010 nando
752 2959 847 3026 justus

78 3025 167 3080 ustitia
182 3032 211 3080 et
224 3025 370 3079 sanctitate
383 3035 510 3096 augetur.
529 3027 618 3090 Idem,
628 2974 654 3080 l.
671 3033 692 3080 2.
704 3025 740 3078 de
755 3024 846 3094 justif.

78 3101 152 3152 ‚aaa
164 3095 198 3148 A„
226 3093 330 3148 Ooeter.
344 3095 475 3148 enchirid.
495 3112 517 3147 c.
534 3100 557 3148 6.
578 3111 596 3163 p
618 3100 675 3147 219.
705 3093 755 3147 Eat
772 3094 846 3149 enim

78 3180 108 3218 re·
124 3163 273 3234 incognita.
319 3169 333 3217 2
370 3163 539 3217 Justificatio
567 3168 674 3216 tantum
698 3170 741 3216 est
764 3163 847 3216 unica

78 3232 177 3287 nfecta.
211 3233 243 3284 E.
261 3249 317 3285 una
333 3237 442 3285 tantum
461 3234 521 3301 ejus
539 3231 628 3285 forma
645 3237 688 3284 est
724 3232 775 3284 Est
792 3231 848 3285 alia

78 3301 142 3372 luta,
154 3301 211 3356 alia
222 3301 364 3370 inchoata,
382 3301 437 3356 alia
446 3304 541 3371 maJ'or,
561 3301 615 3355 alia
626 3301 722 3355 minor.
753 3306 777 3357 3.
789 3301 848 3361 Ab,

637 3395 681 3438 li*
