2250 3772
447 232 499 296 De
523 231 605 296 Deo.
815 248 818 254 ’
918 232 983 302 215

103 390 360 454 nortmannorum.
388 401 538 470 Aupustin.
549 400 632 471 alleg.
646 415 726 452 serm.
740 405 795 455 119.
817 400 852 456 de
869 407 984 485 tempor.

108 459 173 513 ΡΜ
190 469 252 522 enin
272 477 299 522 et
316 469 425 534 Folius,
445 477 470 522 et
489 467 615 537 Spiritus
633 477 760 534 sanetus,
780 477 840 521 tata
860 473 982 543 trinitas,

109 541 159 578 'mm
177 530 253 591 Dens.
290 538 371 591 Nilnl
390 538 432 590 ibi
450 538 546 602 distat,
564 538 764 605 noltiluarium,
783 539 854 591 nihil
867 541 984 605 defaeti-

110 612 163 676 ΜΞ,
177 604 237 660 nuit
253 606 340 660 alteri
354 607 543 675 eontrarium,
559 607 677 674 aequale
690 623 800 675 semper
812 608 984 664 indivisibile

111 672 376 730 atramnnntcabtts
386 676 483 739 Pater,
501 675 596 729 Filius
615 683 640 727 et
655 675 778 742 Spiritus
790 684 909 731 sanatus.
931 678 984 747 Cy·

112 733 212 817 tilla.
229 743 257 797 in
274 744 337 798 Joh.
350 761 373 798 e.
387 749 417 798 18
430 748 450 796 t.
470 743 521 797 eol.
535 749 586 799 204
598 743 627 798 (l.
666 743 740 804 Quia
758 762 815 797 uno
833 746 940 809 Patris,
958 756 985 801 st

90 802 174 871 “lille
194 820 216 864 et
233 813 359 881 Spiritus
375 813 467 865 saneti
484 821 602 881 natura,
625 814 690 865 ideo
715 831 771 865 non
794 822 859 866 sunt
876 817 984 870 diuisae

113 880 265 950 operationes,
282 883 337 934 sed
352 883 430 948 qnod
446 883 482 934 ab
499 899 557 933 una
569 899 695 951 persona
711 882 820 947 fastum
838 900 898 937 esse
913 887 985 938 diei·

111 946 153 1005 W,
170 948 198 1003 ti
217 968 286 1019 opus
308 950 448 1003 trinitatis
471 950 556 1004 totins
571 957 620 1002 est.
654 950 793 1006 Atianos.
812 957 879 1006 orat.
898 962 983 1008 contu

109 1006 331 1096 &reptibilium
350 1036 377 1088 p.
391 1023 431 1074 96.
469 1017 537 1072 Oum
555 1018 649 1072 omnia
668 1028 791 1088 apantur
810 1039 829 1072 a
846 1024 914 1086 Deo,
928 1040 985 1091 per

110 1079 226 1159 (flurium,
245 1089 276 1140 in
290 1084 401 1156 Spiritu
418 1096 529 1152 sanato,
546 1086 696 1140 indivisam
720 1088 859 1168 conspicis
884 1109 984 1159 opera-

106 1153 181 1208 iwatm
189 1157 296 1224 Patris,
316 1164 342 1209 et
354 1157 433 1221 Filii,
452 1164 478 1208 et
492 1155 619 1224 Spiritus
635 1157 733 1210 saneti.
764 1156 810 1212 Sre
824 1157 908 1212 Pater
922 1158 984 1213 illu·

106 1216 174 1291 minat,
187 1226 342 1292 Jae.1,17,
360 1229 388 1287 et
405 1225 502 1287 Filius,
519 1225 586 1279 Jolt.
598 1228 623 1283 1,
636 1228 662 1283 9,
681 1230 709 1278 el
727 1225 846 1295 Spiritus
863 1234 984 1293 sanetus,

106 1286 181 1355 Epiros.
193 1297 220 1359 3,
233 1296 259 1348 9.
289 1294 323 1349 V.
339 1293 491 1362 Scriptura
510 1293 631 1347 meminit
648 1293 805 1361 aliqnando
817 1297 903 1349 trium
916 1315 984 1367 per-

103 1371 215 1429 tmarum,
236 1368 282 1416 ut:
301 1362 331 1415 in
347 1363 456 1416 nomine
473 1362 581 1430 Patris,
601 1369 629 1415 et
647 1362 721 1429 Filii,
739 1370 767 1416 et
786 1362 905 1432 Spiritus
922 1383 984 1419 enn-

104 1423 137 1493 tii,
149 1431 244 1484 Matth.
265 1433 373 1498 28,19;
393 1431 552 1498 aliqnando
572 1432 706 1497 dirarum,
726 1439 772 1485 ut:
795 1433 886 1501 gratie
904 1434 984 1488 vobis

102 1496 177 1565 tipex
192 1517 210 1554 u
228 1503 294 1554 Deo
313 1501 424 1552 Patre
444 1512 545 1564 nostro,
564 1504 592 1552 et
609 1500 759 1553 Domino
779 1503 867 1554 Jesn
883 1504 985 1556 Ciri-

102 1569 148 1628 ⁸l⁰‚
161 1570 237 1622 Rom.
250 1573 274 1629 1,
289 1570 304 1620 7
310 1588 317 1635 ;
332 1569 376 1621 ali
394 1570 488 1621 nando
500 1569 591 1634 nnius,
604 1571 649 1621 ut:
667 1569 758 1639 gretie
771 1572 890 1624 Domini
897 1573 985 1626 uestri

100 1628 152 1689 Iam
170 1637 275 1691 Christi
288 1637 325 1690 sit
341 1585 492 1705 valiscum,
515 1642 536 1690 1.
553 1638 616 1691 Car.
631 1639 674 1705 16,
692 1640 737 1705 23,
756 1637 841 1708 idque
861 1639 890 1693 in
907 1641 985 1694 teeti-

101 1694 245 1774 tutonem,
270 1722 355 1759 unam
375 1721 494 1776 usuique
517 1722 663 1774 personam
688 1706 810 1774 perfecte
827 1724 886 1762 esse
906 1709 984 1765 illum

102 1769 187 1828 uisum
204 1778 307 1831 Deum.
373 1775 394 1827 Ι.
419 1774 539 1836 Quando
566 1775 700 1826 diuinitas
719 1778 869 1843 opponitur
887 1778 984 1845 idolis,

99 1840 142 1892 nn
157 1862 210 1898 ona
221 1860 351 1928 persona
367 1844 514 1897 nominata
532 1860 588 1895 non
607 1843 730 1896 enolnclit
746 1844 872 1911 reliquas
885 1863 986 1914 perso·

101 1920 139 1983 2¹0³
161 1915 194 1965 ab
221 1933 237 1965 o
261 1919 361 1980 oooatn
383 1912 554 1978 diuinitatis,
581 1912 634 1963 secl
654 1919 761 1964 tantum
786 1921 934 1967 creaturas
958 1922 985 1968 et

100 1975 167 2034 “lala
202 1981 231 2038 V
263 2025 270 2037 .
295 1981 462 2034 Particulae
488 1980 657 2046 seclusione,
685 1983 799 2048 quanda
823 1983 986 2035 tribuamtur

100 2046 138 2095 tui
154 2051 238 2104 alieni
258 2066 399 2119 personae
424 2049 575 2116 trinitatis,
602 2066 658 2101 non
684 2049 833 2101 excludunt
851 2051 985 2119 reliquas,

100 2116 138 2165 Μ
182 2129 260 2188 apter
278 2118 415 2172 oetentiae
431 2118 567 2170 unitatem
583 2118 740 2170 includunt.
771 2117 824 2172 Ut:
842 2135 924 2173 nemo
938 2137 986 2175 no·

100 2136 245 2242 itiitrem
264 2186 317 2240 nisi
337 2186 440 2255 Filius,
468 2193 496 2240 et
520 2201 601 2239 nemo
618 2185 721 2238 Filium
747 2186 800 2239 nisi
819 2187 918 2256 Peter3
946 2187 987 2243 ibi

100 2261 141 2303 ¹011
154 2256 306 2310 excluditur
318 2255 438 2324 Spiritus
452 2261 572 2322 renatus,
591 2255 736 2325 quinovit,
756 2272 827 2324 quae
840 2258 900 2309 Dei
911 2269 984 2324 sunt,

101 2317 120 2396 12
135 2322 186 2377 Cor.
207 2328 234 2393 2,
252 2328 295 2380 11.
324 2323 404 2379 VIII.
423 2324 508 2377 Solus
527 2331 553 2375 et
570 2341 640 2375 unus
657 2325 836 2391 accipiuntur
856 2332 879 2380 1.
894 2327 986 2379 seelu-

100 2400 152 2457 sm,
169 2401 303 2462 quatenus
321 2392 414 2446 omnia
433 2392 489 2445 alin
508 2390 544 2445 ab
564 2409 608 2458 eo,
633 2391 668 2446 de
707 2409 742 2446 uo
761 2398 803 2447 est
821 2410 924 2463 sermo,
941 2412 986 2448 ex·

99 2450 232 2531 eluduntur,
251 2466 296 2515 ul:
315 2477 397 2515 nemo
417 2461 506 2514 bonus
523 2460 578 2513 nisi
596 2461 671 2513 eolus
719 2478 775 2528 eus,
795 2465 863 2515 Lna.
877 2467 917 2529 18,
936 2466 985 2532 193

100 2525 260 2584 exeluduntur
283 2529 370 2600 igitur
394 2529 430 2582 ab
452 2529 507 2582 iste
528 2528 730 2598 perfectissima
747 2531 872 2585 bonitate
891 2548 987 2585 omnes

99 2602 225 2665 murae.
263 2604 286 2654 2.
304 2599 459 2665 Inclusioe,
484 2606 621 2667 quatenus
641 2597 671 2650 in
690 2615 734 2662 eo,
761 2599 795 2654 de
813 2617 867 2668 quo
886 2601 987 2670 agitur,

101 2662 256 2722 illuduntur
272 2684 367 2722 omnes
385 2666 440 2731 illi,
468 2666 517 2736 qui
543 2665 665 2735 seperari
683 2667 719 2720 ab
740 2685 844 2721 eonon
861 2672 986 2737 possunt.

100 2720 135 2782 tie
146 2735 212 2790 eolus
229 2735 356 2790 Christus
374 2735 476 2788 dieitur
493 2735 588 2788 mundi
611 2734 738 2790 Salvator
760 2736 902 2801 inclusive,
940 2736 988 2790 uis

102 2788 207 2859 lateret
224 2804 344 2874 Spiritus
362 2810 476 2857 sanetus
494 2803 603 2858 excludi
622 2820 677 2857 non
701 2811 833 2926 possunt,
858 2805 899 2858 sia
917 2754 986 2859 iiii·

101 2866 135 2917 tur
147 2875 167 2927 1.
184 2872 246 2928 Gor.
264 2877 288 2939 8,
306 2876 325 2926 6
340 2890 412 2926 unus
429 2871 573 2926 Dominum
603 2870 653 2927 IX.
672 2875 700 2926 A
714 2873 757 2925 ins
776 2874 881 2926 dicitnr
907 2881 928 2927 1.
940 2872 987 2926 οὐ·

103 2939 196 3010 noim,
232 2941 262 2995 ui
278 2948 321 2995 eet
337 2940 409 2995 elius
423 2941 460 2995 sb
477 2940 591 2994 alterius
608 2945 706 3009 οὐσίᾳ,
728 2946 760 2993 ut
777 2941 859 2994 homo
877 2941 913 2995 ab
930 2942 987 2996 alio

104 2994 194 3063 b(talitro.
233 3010 270 3064 'ie
281 3010 370 3063 Filius
388 3027 445 3063 non
462 3016 505 3063 est
522 3009 593 3062 alius
612 3026 629 3063 a
644 3009 729 3063 Patre
740 3010 826 3077 Deus,
845 3013 911 3080 quie
930 3028 987 3065 uon

105 3076 163 3127 ΕΜ
177 3079 318 3132 mantiam
334 3078 435 3132 Petris.
470 3083 493 3132 2.
510 3077 725 3145 Ὑποσιαιικῶς,
744 3079 806 3159 quis
821 3088 863 3132 est
881 3079 951 3132 alius
969 3094 989 3133 e

105 3146 195 3259 pppout
209 3147 331 3203 alterius.
368 3146 415 3201 Sic
433 3147 518 3201 Peter
537 3147 591 3200 diei
610 3152 704 3217 potest
722 3147 794 3200 alius
813 3163 831 3201 s
849 3147 933 3215 Pilio,
959 3154 990 3203 et

146 3226 171 3263 ua
186 3215 250 3270 elius
268 3234 286 3270 a
296 3215 399 3282 Patre.)

1018 3368 1080 3544 ι
