2250 3772
305 233 358 299 De
380 255 517 321 persona
539 231 669 299 Christi.
877 232 941 299 267

70 397 105 463 22·
128 400 273 481 &mrum
295 416 325 472 et
345 405 446 490 qualia
466 414 510 468 est
531 404 592 467 ista
612 404 758 486 majestas
781 410 809 467 et
829 403 942 487 plosdo,

297 511 375 575 quae
395 488 518 552 Christo
539 487 677 552 donata?

124 588 177 654 Est
189 611 262 654 vere
277 588 394 674 divina,
408 588 570 671 immensa,
586 599 618 652 et
632 587 769 673 infinita,
791 588 941 654 nimirum

70 670 269 759 impotentia,
289 674 519 752 omniscientia,
541 673 638 738 virtus
659 673 863 753 vivificatrix,
882 697 942 760 po·

70 766 134 855 estas
146 759 311 843 judicandi
333 770 365 824 et
385 759 566 824 remittendi
580 769 721 844 peccata,
745 758 848 824 cultus
865 760 942 824 ado·

70 843 172 922 ahenis,
194 844 469 932 omnipraesentia.

111 952 242 1021 (Quaestio
267 953 312 1008 hic
333 959 375 1008 est
399 953 468 1024 quid
491 952 579 1006 detur.
614 951 672 1007 Ubi
696 952 751 1006 duo
774 951 938 1009 afferuntur.

70 1022 80 1099 ζ.
91 1016 116 1075 In
128 1039 233 1093 genere,
251 1040 312 1078 esse
329 1022 402 1076 dona
418 1021 488 1077 haec
502 1020 611 1076 Christo
629 1021 730 1075 collata
746 1021 863 1090 infinita,
882 1037 938 1075 non

70 1086 129 1155 nita,
152 1092 253 1161 diviua,
270 1107 325 1144 non
344 1097 444 1147 creata
478 1096 501 1146 2.
520 1090 576 1144 Per
591 1089 780 1144 inductionem
797 1090 938 1145 distribut.

70 1157 226 1215 ttributcrum
243 1160 388 1241 speciatim
404 1159 525 1229 idipsum
545 1158 709 1213 declaratur.
736 1159 820 1213 Prius
837 1159 937 1230 proba-

70 1239 99 1293 ur,
112 1226 130 1284 I.
146 1246 163 1283 a
178 1228 337 1285 defimtione
354 1235 383 1283 et
400 1229 490 1282 forma
503 1228 620 1281 unionis.
657 1227 825 1308 Hypostasis
843 1228 938 1283 divina

70 1291 211 1413 quademque
236 1294 370 1352 idiomata
394 1303 459 1351 sunt
485 1296 606 1359 infinita,
634 1300 713 1367 atqur
738 1297 823 1351 totius
852 1296 937 1353 hu'ua

83 1364 174 1421 enitudo
199 1366 310 1422 Christo
338 1365 554 1433 communicata,
582 1364 640 1420 Col.
664 1370 696 1431 2,
720 1368 747 1420 9.
792 1371 816 1422 2.
837 1366 866 1420 Α
922 1385 938 1423 e

70 1430 149 1509 donis,
165 1436 213 1506 qui
233 1441 276 1490 est
291 1435 431 1491 redemtio.
464 1434 557 1504 Hujus
575 1450 644 1502 opus
662 1432 808 1490 infinitum
832 1435 865 1488 Ε.
877 1434 939 1489 fini·

70 1505 228 1559 uetereatis
245 1505 380 1558 duntaxat
397 1503 475 1558 donis
515 1501 590 1557 erfici
611 1520 667 1556 non
689 1502 788 1572 potuit.
824 1503 857 1557 E.
877 1504 939 1559 infi-

70 1565 232 1645 inrequieta.
269 1573 302 1627 E.
320 1577 349 1625 et
364 1572 473 1626 infinita
491 1521 600 1626 ghristo
618 1571 829 1627 communicata.
867 1579 890 1629 3.
910 1574 939 1629 Α

70 1631 188 1696 iderentia
212 1641 420 1696 inhabitationis
449 1644 497 1695 soi
523 1640 608 1705 λόγου
636 1639 813 1710 hypostatica
836 1640 867 1695 in
896 1660 939 1697 as·

70 1714 144 1777 mpte
159 1728 210 1765 sua
225 1709 411 1779 humanitate,
432 1715 460 1764 et
477 1709 615 1780 gratiosae
634 1709 663 1761 in
681 1709 784 1763 sanctis
801 1709 872 1764 aliis.
908 1712 939 1767 Si

70 1782 129 1832 rate
146 1785 172 1833 et
187 1778 269 1833 finita
285 1783 394 1832 tantum
418 1778 492 1832 dona
515 1778 623 1833 Christo
645 1783 711 1831 sunt
728 1779 938 1850 communicata,

70 1840 117 1921 *pila
131 1853 171 1902 est
187 1847 261 1903 inter
277 1846 504 1902 inhabitationem
522 1846 727 1916 hypostaticam
746 1851 775 1900 et
786 1846 936 1918 gratiosam

70 1904 195 1989 merentia
232 1916 372 1987 Utrinque
395 1917 468 1970 enirn
494 1915 547 1970 erit
570 1915 680 1983 eadem,
706 1932 770 1969 cum
798 1917 888 1986 majus
911 1923 939 1972 et

70 1991 126 2037 uuus
141 2003 196 2039 non
214 1990 323 2040 mutent
346 1985 474 2054 speciem.
509 1987 549 2038 At
573 1983 742 2037 inhabitatio
763 1983 939 2053 hypostatica

70 2050 269 2124 usingntnnter
287 2054 407 2123 propria.
439 2060 462 2108 4.
482 2052 510 2107 Α
528 2053 668 2123 conjugat.
689 2052 822 2105 donorum
839 2051 938 2108 horum

70 2118 160 2184 udus
191 2121 290 2177 Gloria
307 2128 335 2176 et
351 2123 489 2192 majestas,
509 2137 581 2193 quae
598 2120 653 2190 ipsi
670 2120 732 2175 Deo
751 2120 891 2207 tribuitur²
911 2130 940 2178 et

70 2198 142 2259 tque
156 2191 245 2246 deitas
262 2191 350 2261 ipsius
369 2191 456 2245 solide
475 2190 687 2255 demonstratur,
708 2194 824 2245 estsere
836 2191 938 2250 divma.

70 2248 124 2326 [iqui
147 2260 210 2314 talis
236 2268 279 2316 est
301 2260 390 2330 gloria
414 2258 523 2314 Christo
547 2276 597 2329 per
621 2264 648 2312 et
672 2265 786 2327 propter
809 2260 940 2317 unionem

70 2329 205 2384 usenslem
228 2329 440 2387 communicata,
482 2328 516 2382 E.
542 2326 693 2396 assumptio
720 2326 864 2408 speciatim
889 2348 940 2401 per

70 2390 160 2464 djeeta
170 2397 298 2467 exempla
310 2398 423 2469 gloriae,
433 2396 655 2467 omnipotentiae,
668 2396 875 2452 ommscientiae
887 2408 939 2454 etc.

70 2474 154 2537 tteqq.
178 2467 422 2524 demonstrabitur.
460 2464 607 2520 Conclusio
630 2463 716 2534 igitur
741 2470 783 2520 est
800 2466 938 2538 legitima:

70 2522 144 2589 husto
161 2535 316 2590 donavere
334 2535 429 2589 divina
446 2540 475 2590 et
490 2533 600 2588 infinita
617 2532 683 2587 data
702 2550 770 2588 esse.
801 2534 878 2600 Quae
896 2554 939 2590 as·

70 2599 119 2656 auo
136 2609 178 2658 est
193 2621 229 2660 as.
248 2604 417 2674 Scripturas,
432 2603 600 2659 orthodoxae
610 2601 784 2672 antiquitatis
797 2610 825 2659 et
836 2611 939 2659 nostra.

70 2661 197 2726 Maidoi
213 2679 311 2727 eontra
327 2678 462 2744 pugnant,
482 2671 591 2726 Christo
610 2682 720 2740 praeter
738 2671 872 2726 idiomata
890 2690 939 2726 na·

70 2737 135 2795 uate
151 2741 355 2796 communicata
377 2758 439 2797 esse
462 2740 536 2794 dona
557 2739 640 2810 longe
663 2738 783 2794 maxima
806 2747 834 2795 et
851 2742 939 2796 multo

70 2805 233 2878 rennuere,
251 2827 336 2881 quam
354 2810 413 2865 ulla
430 2809 542 2880 quidem
553 2815 682 2863 creatura
693 2808 747 2862 aha
761 2825 794 2862 ca
815 2826 860 2865 ere
876 2827 939 2879 pos-

70 2864 87 2923 ii
108 2879 151 2933 sed
166 2885 262 2933 tamen
272 2896 334 2938 ,non
346 2878 400 2933 nisi
414 2878 576 2942 habitualia,
595 2894 652 2931 non
666 2876 769 2945 divina,
827 2878 865 2932 ‘ta
882 2896 940 2933 non

70 2911 153 3015 duria,
176 2954 271 3003 ereata
296 2965 352 3002 non
376 2947 509 3003 increata.
550 2949 663 3000 Danae.
690 2962 776 2999 exam.
802 2944 938 3004 Chemnit.

70 3013 121 3068 221,
140 3034 165 3087 p.
182 3022 233 3072 362
251 3034 308 3088 seq.
340 3017 447 3084 Colloq.
465 3016 619 3085 Mompcly.
643 3030 671 3083 p.
692 3019 750 3069 265.
779 3014 884 3074 Zancle.
904 3017 939 3071 de

70 3066 135 3137 huet
151 3085 285 3157 redempt.
310 3102 333 3139 e.
355 3091 395 3141 11.
421 3103 448 3141 n.
472 3090 511 3140 12.
538 3090 557 3140 t.
576 3091 600 3139 5.
627 3081 678 3137 eoa
697 3087 756 3139 501.
794 3084 940 3141 Admone.

70 3137 170 3208 iered
188 3170 212 3211 e.
233 3161 256 3210 1.
274 3172 303 3225 p.
319 3160 360 3210 25.
381 3159 422 3210 ae.
453 3153 532 3218 Quae
549 3149 664 3207 assertio
683 3157 711 3205 et
728 3169 764 3205 ss.
780 3151 940 3223 scripturae

70 3210 247 3278 *unedone
266 3221 427 3294 antiquitati
445 3220 597 3297 διαρρήδην
611 3221 754 3277 contraria
781 3220 836 3276 Hic
854 3222 941 3294 igitur

70 3287 235 3348 mtevesiee
257 3292 288 3346 in
306 3291 359 3347 hoc
378 3291 491 3363 quidem
507 3308 609 3362 genere
626 3293 728 3345 status:
752 3289 798 3345 hic
816 3290 940 3361 Rhodus,
