2250 3772
101 224 173 307 ,216
244 232 351 320 Caput
372 234 415 301 Π.
460 237 511 299 De
534 236 681 319 symbolo
704 236 889 322 apostolico.

150 403 202 469 23.
240 403 361 486 &objice
375 428 456 468 nunc
471 407 610 480 breuiter,
627 427 779 487 quaenam
793 408 835 470 sit
849 410 932 491 bened

443 490 582 554 uoluntas
604 488 690 554 Du?

193 605 292 686 Quod
313 606 406 670 nobis
428 616 560 692 peecata
579 618 688 672 nostra
714 607 870 694 (gratuito
890 631 932 696 pn

109 690 284 771 Christum)
315 691 495 755 condonare
521 704 552 756 et
579 692 758 757 misericors
786 704 897 758 noster
922 693 932 758 ]

108 777 177 840 vult
199 798 268 840 esse
291 786 323 838 et
344 799 481 840 manere.

178 893 345 963 (Desumpta
365 899 407 948 est
423 892 493 948 haec
512 896 653 965 responsio
673 912 707 949 ex
720 897 851 964 Ascariis
862 896 932 950 Hau

107 963 247 1034 Loquitur
264 969 359 1016 autem
378 962 406 1015 in
425 963 516 1033 specie
528 964 562 1017 de
574 965 717 1018 voluntate
731 965 785 1019 Dei
796 964 932 1036 evangeli<

108 1032 233 1104 gratuita
254 1038 433 1101 peccatorum
456 1033 616 1087 remissione
639 1038 667 1088 et
683 1034 932 1089 reconciliatione]

108 1118 172 1156 cum
191 1101 259 1166 Deo,
278 1117 334 1154 non
352 1100 387 1154 de
404 1100 489 1171 legali
505 1101 535 1154 in
551 1101 686 1172 decalogo
707 1118 850 1172 expressa,
870 1118 932 1174 quar

106 1168 285 1224 fectissimam
311 1169 382 1239 legis
409 1169 595 1224 obedientiam
619 1187 637 1223 a
659 1169 740 1224 nobis
764 1171 818 1225 sub
836 1171 932 1227 damno

106 1245 236 1294 aeternae
254 1237 369 1291 fulmine
389 1238 481 1308 exigit,
499 1241 584 1295 Dent.
609 1243 634 1307 6,
654 1243 671 1293 6
688 1243 718 1292 et
736 1257 759 1293 0.
772 1243 817 1309 27,
836 1241 901 1309 26.)

150 1360 201 1425 24.
236 1359 297 1422 L'bi
313 1360 454 1422 uoluntas
475 1359 551 1422 hoec
566 1359 631 1423 Du
651 1363 739 1424 nobis
760 1361 892 1425 revoluta
914 1383 932 1425 u

154 1490 157 1497 '
193 1477 231 1540 ln
264 1475 394 1540 coelesti
422 1476 522 1561 ipsius
545 1477 643 1541 verbo
665 1476 758 1541 nobis
792 1490 841 1542 est
862 1489 932 1564 pate

107 1573 139 1626 et
160 1561 356 1625 iudubitatis*
370 1561 559 1625 testimoniis
584 1562 799 1646 comprobata.

192 1648 301 1711 Ezeclz.
323 1646 374 1722 33,
403 1649 447 1710 ll.
484 1646 569 1712 Vivo
592 1668 672 1731 ege,
694 1646 770 1711 nolo
790 1659 927 1712 mortem

108 1732 239 1808 catoris,
256 1731 312 1794 sed
334 1741 369 1794 ut
391 1743 592 1795 convertatur
614 1744 645 1794 et
663 1732 758 1797 vivat.

191 1817 264 1882 Jol.
287 1817 308 1881 3
315 1863 324 1894 ,
346 1816 393 1880 16.
439 1814 494 1880 Sic
524 1816 615 1880 Deus
645 1816 757 1881 dilexit
779 1818 932 1881 mundum

106 1903 207 1966 filium
222 1924 316 1965 suum
333 1900 534 1984 unigenitum
548 1902 647 1978 daret,
668 1914 704 1965 ut
719 1901 832 1978 omnis,
850 1903 905 1987 qui
921 1925 932 1967 e

106 1988 141 2051 in
162 2010 245 2064 eum,
266 2008 331 2050 non
352 1998 471 2070 pereat,
494 1986 551 2049 sed
572 1987 670 2051 vitam
690 1998 853 2050 aeternam
874 1987 932 2051 hah

194 2075 222 2137 1.
238 2073 316 2137 Tim.
332 2071 363 2147 2,
384 2071 414 2136 4.
452 2072 542 2134 Deus
564 2071 632 2135 vult
654 2094 763 2135 omnes
789 2072 932 2137 homines

104 2179 162 2221 vos
185 2155 255 2219 fieri
275 2167 307 2219 et
328 2156 369 2217 ad
391 2155 587 2239 agnitionem
608 2156 750 2220 veritatis
772 2157 889 2222 venire.

192 2242 222 2306 2.
244 2241 328 2304 Patr.
352 2240 382 2315 3,
404 2242 433 2304 9,
484 2241 575 2304 Deus
605 2264 670 2304 non
700 2241 768 2304 vult
794 2242 877 2306 ullos
906 2264 932 2327 ps

107 2324 164 2388 sed
187 2346 296 2388 omnes
318 2324 359 2386 ad
380 2325 609 2408 poenitentiam
630 2327 753 2393 reverti.

178 2441 267 2507 (Haec
284 2441 371 2511 igitur
389 2441 516 2495 voluutas
535 2441 588 2496 Dei
609 2448 652 2496 est
667 2443 798 2498 revelata.
828 2443 904 2499 Huic
915 2463 932 2498 st

106 2510 285 2577 haerendum,
303 2516 332 2563 et
345 2510 429 2578 juxta
446 2510 518 2563 hanc
537 2511 624 2565 solam
642 2512 721 2566 nobis
741 2513 918 2569 credendum.

105 2580 219 2635 condita
237 2585 265 2633 et
281 2594 384 2631 aroana
400 2578 528 2632 voluntas
547 2579 613 2646 Dei,
632 2580 771 2635 revelatae
789 2581 854 2634 huic
873 2587 932 2638 cont

104 2665 208 2703 vanum
228 2655 255 2702 et
275 2647 421 2715 profanum
448 2647 632 2701 fanaticorum
657 2650 792 2702 somnium
813 2658 864 2707 est.
900 2651 930 2707 si

19 2724 22 2731 '
105 2733 209 2772 arcana
225 2723 282 2783 est,
301 2715 349 2784 qui
367 2716 435 2785 ipsis
453 2717 574 2786 cognita.
586 2717 649 2770 est?
685 2717 715 2772 Si
736 2717 903 2774 abscondita
921 2736 932 2774 e

105 2802 227 2857 quonam
245 2784 351 2854 Spiritu
376 2791 404 2838 et
421 2785 469 2838 ubi
494 2791 522 2840 et
539 2785 678 2856 quomodo
698 2787 796 2840 eadem
813 2787 881 2856 ipsis
897 2805 932 2843 re¹

106 2855 172 2909 eet?
207 2856 255 2907 De
273 2854 327 2905 lac
342 2854 415 2905 nz'hil
431 2857 622 2918 scrutandum,
643 2872 714 2925 quae
731 2855 817 2909 verba
834 2863 900 2910 sunt
918 2863 932 2912 l

105 2924 148 2977 rie
165 2923 291 2988 lautiori,
307 2923 361 2974 scd
377 2923 546 2990 simplicitur
564 2924 761 2976 abstinendum
779 2932 828 2992 cet,
847 2927 932 2979 sicut¹

100 2992 208 3061 jestutc
233 2991 340 3044 diviua.
376 2993 431 3043 Eat
457 2992 530 3043 enim
553 2992 759 3059 inscrutabilis,
785 3011 836 3046 nec
853 2995 932 3048 volui

105 3062 187 3114 Deus
232 3075 371 3128 reponere
388 3059 419 3110 in
436 3059 490 3111 huc
507 3061 574 3115 citu.
609 3061 682 3115 Vide
700 3061 730 3113 in
747 3078 770 3115 c.
790 3067 814 3116 6.
833 3061 932 3120 Genu.

104 3128 168 3183 Lat
224 3127 322 3182 ittenb.
340 3125 359 3180 f.
379 3131 423 3181 117
438 3143 463 3181 a.
500 3128 542 3182 lle
559 3127 603 3182 his
620 3130 743 3184 dicemus
760 3129 843 3199 plura
859 3131 889 3184 in
906 3132 932 3186 lo

104 3196 260 3263 electione.)
299 3195 431 3266 Sequitur
447 3213 519 3250 nunc
538 3197 572 3251 de
591 3197 721 3266 operibus
737 3197 801 3254 Dei.
