2250 3772
140 234 195 301 De
210 256 308 301 eausa
322 235 479 301 efficiente
494 235 560 301 sive
576 247 686 302 autore
700 208 860 322 baptismi.
903 234 967 302 499

76 414 122 469 tus
152 415 201 470 est
229 416 321 472 autor
349 416 380 472 et
408 406 568 471 Dominus
600 405 765 491 baptismi,
798 406 825 472 J
826 406 967 472 ohannes

76 513 130 554 ero
151 503 183 555 et
203 491 340 577 apostoli
363 491 491 556 filerunt
513 490 596 556 servi
620 503 651 554 et
672 491 816 557 ministri.

139 584 170 650 2.
192 585 327 657 Ratione
343 587 512 668 formatae,
534 594 689 668 quantum
709 584 750 646 ad
766 584 968 648 oiroumstan-

76 690 132 731 am
153 666 315 754 temporis,
338 668 414 753 quia
437 671 461 736 J
463 669 603 734 ohannes
625 668 796 754 baptisavit
818 669 852 733 in
874 668 968 734 Chri-

76 776 138 817 ·.um
164 754 268 818 adhuo
289 777 475 839 passurum,
497 753 634 840 apostoli
655 776 731 818 vero
753 753 787 816 in
802 753 966 819 Christum

76 860 188 902 assum
208 852 240 902 et
261 851 430 906 mortuum.

121 955 219 1023 (Unus
235 962 278 1010 est
296 956 453 1027 baptismus
471 957 574 1027 specie,
599 956 671 1011 siout
696 974 766 1010 unus
784 955 921 1010 Dominus
939 963 967 1010 et

76 1041 110 1079 aa
134 1023 214 1093 fides,
241 1026 347 1095 Eptes.
363 1032 388 1091 4,
409 1031 434 1080 5.
472 1027 657 1093 Athanasius,
674 1025 704 1079 in
724 1035 829 1096 quaest.
852 1027 888 1080 ad
908 1025 967 1079 An-

76 1093 139 1152 ooh.
166 1101 208 1148 72.
233 1099 254 1147 t.
285 1103 308 1149 2.
337 1113 365 1166 p.
396 1101 454 1150 296.
484 1095 521 1163 A,
551 1094 689 1176 triplicem
717 1095 799 1148 facit:
836 1093 967 1159 fluminis,

76 1161 201 1233 mgninis
230 1168 259 1216 et
288 1164 482 1233 poenitentiae.
530 1164 595 1217 Ata
622 1162 757 1231 fluminis,
787 1161 907 1216 flaminis
938 1169 967 1218 et

76 1230 208 1302 mguinis.
253 1234 450 1286 Damaaaeaaa
475 1238 600 1287 recenset
628 1239 691 1286 ooto
707 1231 756 1288 lib.
778 1239 801 1287 t.
830 1233 899 1287 orth.
919 1230 967 1285 fid.

97 1306 139 1355 10.
159 1317 187 1380 p.
201 1304 250 1356 297
264 1318 341 1380 seqq.
359 1302 408 1355 ubi
425 1301 497 1355 vide.
531 1301 637 1357 Verum
654 1317 709 1355 non
729 1300 783 1353 nisi
801 1299 921 1372 figmata
939 1306 968 1355 et

76 1368 208 1439 degonoe
225 1369 265 1423 sio
286 1370 481 1440 drstinguitur,
506 1388 569 1424 oum
593 1387 650 1423 non
674 1369 727 1423 nisi
749 1387 822 1422 unus
847 1376 874 1424 et
891 1370 967 1424 idem

76 1437 211 1509 eptismus
230 1454 313 1492 verus
330 1439 393 1505 sit-
408 1439 446 1492 Et
464 1439 504 1491 sio
523 1439 607 1492 otiam
623 1438 770 1504 Johannis,
788 1438 889 1492 Christi
909 1439 966 1492 sive
999 1462 1001 1467 ,

76 1506 246 1576 postolorum
261 1506 415 1577 baptismus
432 1525 511 1562 unus.
554 1517 574 1561 1.
592 1507 711 1561 Ratione
730 1506 884 1574 efficientis,
901 1507 968 1577 quia
991 1525 992 1528 ¹

76 1580 175 1645 terque
199 1591 217 1627 a
239 1575 305 1630 Deo.
348 1583 371 1630 2.
390 1576 509 1630 Ratione
527 1577 669 1643 materiae,
692 1576 759 1646 quia
783 1582 899 1646 uterque
919 1576 966 1629 sd·

76 1643 228 1697 inistratus
249 1651 291 1698 est
311 1662 392 1724 aqua.
428 1651 451 1699 3.
463 1644 582 1700 Ratione
601 1646 714 1712 formae,
733 1644 799 1769 <puin
817 1645 900 1699 etiam
919 1644 967 1700 Jo-

76 1728 163 1767 unnes
175 1712 326 1782 baptisavit
335 1731 365 1766 m
377 1713 487 1768 nomine
499 1713 601 1782 Panis,
618 1713 684 1767 Filii
697 1719 724 1767 et
759 1713 857 1781 piritus
870 1713 966 1769 saneti.

76 1828 78 1835 .
98 1780 221 1835 Ratione
239 1780 302 1835 finis
320 1789 348 1837 et
366 1781 495 1847 effeetus,
519 1782 585 1853 quia
610 1792 638 1837 et
656 1781 798 1837 Johannes
816 1781 968 1851 baptisavit

76 1868 84 1903 ι
103 1848 293 1904 remissionem
303 1858 489 1921 peecatorum,
509 1854 577 1904 Lae.
586 1855 612 1919 3,
621 1856 648 1919 3,
667 1851 740 1904 etde
754 1853 813 1920 ejus
827 1849 965 1920 baptismo

76 1918 182 1973 hristus
203 1920 313 1973 asserit:
349 1920 404 1973 nisi
422 1920 469 1990 qui
487 1928 600 1974 renatus
618 1919 703 1972 fuerit
721 1926 781 1984 eto,
802 1919 868 1972 Jot.
888 1922 920 1986 3,
941 1922 966 1973 t.

76 1990 171 2041 trram
196 1987 283 2058 igitur
305 1989 448 2051 Jeaattaa
475 1994 609 2059 negantes
637 1987 805 2057 baptismum
829 1987 967 2041 Johannis

76 2055 142 2110 risse
162 2054 237 2110 idem
253 2062 457 2112 sacramentum
473 2075 536 2111 oum
554 2057 692 2128 baptismo
705 2056 806 2110 Christi
832 2072 885 2111 neo
903 2072 967 2110 ean-

76 2142 120 2179 sm
145 2125 203 2178 vim
227 2141 261 2179 ae
286 2125 440 2181 efficaciam
465 2125 602 2181 habuisse.
640 2126 780 2180 Bellarm.
807 2096 856 2178 lib.
882 2131 905 2180 1.
931 2125 967 2180 de

76 2192 187 2264 uptism.
214 2210 237 2248 e.
257 2200 298 2249 20.
318 2200 360 2251 21.
386 2200 414 2248 et
438 2200 478 2249 22.
506 2201 526 2249 t.
545 2202 567 2249 3.
594 2194 645 2248 ool.
666 2200 716 2248 310
738 2211 814 2264 seqq.
858 2192 964 2248 Conari.

76 2261 187 2317 'rident
208 2278 272 2317 sess.
292 2270 315 2319 7.
334 2280 393 2317 ean.
414 2271 436 2318 5.
467 2265 519 2317 Ntt
540 2265 630 2318 obstat
652 2268 673 2317 l.
692 2263 767 2334 quod
784 2263 844 2332 ipse
861 2263 966 2317 Johan·

76 2346 105 2385 es
120 2329 292 2401 distinguere
309 2331 421 2387 videtur
437 2331 511 2387 inter
530 2332 698 2402 baptismum
716 2349 795 2385 suum
815 2336 843 2385 et
855 2331 966 2400 Christi,

76 2399 161 2453 rattt.
179 2402 207 2466 3,
228 2405 267 2453 ll.
298 2401 468 2454 Bellarmia.
487 2401 567 2472 alleg.
587 2401 603 2454 l.
623 2418 645 2454 c.
661 2407 702 2456 21.
721 2400 771 2455 eol.
784 2401 879 2456 312D.
890 2417 966 2471 seqq.

76 2468 120 2525 fon
143 2467 218 2522 enim
240 2468 382 2524 «lohannes
410 2470 450 2524 ibi
477 2469 623 2541 distinguit
647 2469 720 2525 inter
743 2468 913 2550 baptismum
935 2475 968 2522 ut

76 2534 241 2607 uptismum,
260 2538 304 2591 vel
320 2538 427 2593 ratione
446 2539 618 2593 substantiae
637 2549 666 2593 et
684 2537 824 2593 effioaorae
843 2537 967 2592 conside·

76 2616 156 2668 etum,
168 2605 210 2659 uti
222 2605 252 2658 in
263 2605 325 2676 ipsa
332 2608 510 2677 responsione
522 2624 606 2678 supra
618 2607 722 2661 dietum
734 2611 788 2673 est,
808 2607 858 2660 sed
875 2614 894 2660 1.
906 2612 966 2660 tun-

76 2690 117 2727 rm
133 2673 207 2729 inter
222 2691 369 2743 personam
387 2693 464 2729 suam
484 2684 512 2730 et
523 2676 631 2730 Christi.
659 2675 723 2745 Ipse
743 2675 815 2728 enim
834 2680 893 2729 erat
906 2679 967 2728 tan·

76 2759 117 2796 rm
134 2742 267 2812 baptismi
287 2744 425 2812 minister,
450 2744 575 2800 Christus
598 2761 663 2799 vero
681 2751 761 2798 autor
780 2751 808 2798 et
825 2743 966 2814 magister.

76 2809 176 2867 ‚Inter
195 2810 317 2865 officium
335 2831 417 2867 suum
435 2819 463 2868 et
480 2813 593 2882 Christi,
619 2815 667 2884 qui
690 2814 764 2866 solus
789 2812 845 2865 vim
862 2818 890 2866 et
909 2811 967 2867 effi·

76 2880 163 2934 eciam
183 2880 321 2949 baptismo
339 2881 444 2936 tribuit.
471 2881 571 2936 Confer
589 2887 613 2936 1.
633 2882 758 2936 Corinth.
779 2884 805 2943 3,
824 2886 858 2947 ὅ,
884 2886 907 2934 3.
926 2880 967 2933 in·

76 2965 100 3003 n·
116 2946 288 3018 baptismum
306 2950 428 3005 fluminis
448 2957 476 3005 et
492 2949 625 3019 flaminis,
645 2950 795 3003 visibilium
815 2949 921 3003 seilicet
938 2953 966 3003 et

76 3016 283 3072 draemosorum
300 3018 419 3088 Spiritus
431 3039 452 3074 s.
470 3020 611 3088 donorum,
629 3019 689 3089 ipso
707 3023 882 3088 pentecostes
894 3017 966 3072 festo

76 3084 229 3140 allatorum.
266 3088 319 3139 Nil
338 3089 429 3141 obstat
449 3095 472 3143 2.
490 3090 554 3143 Aat.
575 3091 617 3156 19,
636 3094 660 3141 4.
679 3092 709 3155 5,
736 3086 784 3139 ubi
804 3086 933 3156 discipuli
949 3103 967 3140 a

76 3152 187 3227 ohanne
214 3153 348 3225 baptisati
375 3158 504 3212 ‘ubentur
527 3158 627 3212 iterato
653 3156 691 3209 ba
710 3155 788 3208 tisari
807 3155 837 3208 in
856 3155 965 3209 nomine

77 3238 135 3277 esu.
170 3223 341 3279 Bellaamia.
360 3175 426 3280 ibid.
446 3244 468 3280 o.
488 3232 528 3281 22.
547 3226 597 3280 ool.
611 3231 668 3279 317.
707 3261 715 3277 .
740 3222 882 3278 Posterior
894 3225 967 3277 enim

77 3291 212 3362 aptismus
228 3310 285 3348 non
302 3293 356 3347 fuit
373 3311 472 3366 aquae,
491 3297 540 3349 sed
551 3295 636 3349 etiam
646 3293 727 3365 ignis,
746 3310 801 3364 quo
814 3292 932 3364 Spiritus
944 3312 966 3346 s.

756 3378 799 3421 82*
