2250 3772
101 238 166 304 572
266 235 373 322 Caput
393 236 435 303 V.
479 235 532 300 De
554 256 655 299 coena
679 235 851 303 dominica.

105 403 187 475 panis
204 409 232 459 et
248 404 306 457 vini
323 421 380 458 non
399 411 465 458 sunt
484 421 529 459 res
545 409 670 471 terrena,
688 404 740 458 sed
757 404 819 475 ipse
837 403 916 474 panis
931 408 956 459 st
966 402 996 457 ri·

105 492 182 527 num.
217 481 242 530 5.
263 473 311 527 Ab
335 473 455 527 absurdo
479 472 670 542 philosophico
693 472 819 528 immotis
839 472 998 528 axiomatibu

107 541 302 612 comprobato.
324 543 406 595 cu'us
430 542 540 595 vanitas
565 541 672 661 qutidis
690 542 914 597 absurditatibus
930 548 999 597 mot

126 610 319 681 uamplurimis
376 611 415 663 'is.
447 610 530 665 Nibil
547 629 563 664 o
581 618 639 663 stat
681 611 759 681 quod
787 610 914 666 Christus
936 610 999 665 dicit:

106 628 158 735 boc
178 688 218 733 cst
236 696 340 747 corpas
358 696 456 732 msam.
481 679 624 735 Bellarm.
642 650 660 732 l.
674 685 698 735 3.
719 680 756 734 de
774 680 925 735 eucharist
941 684 999 735 cll.

107 756 126 804 t.
149 753 172 803 3.
202 748 252 801 col.
272 754 330 802 619.
348 747 384 801 D.
408 747 458 801 col.
480 753 537 803 620.
555 747 589 801 A
614 755 643 802 et
667 747 718 802 col.
738 753 800 803 623.
821 748 860 804 D.
895 749 1001 803 Ineonss

107 833 196 887 quens
215 816 287 869 enim
308 821 365 869 est:
383 815 416 869 E.
428 814 460 870 fit
474 816 616 871 conversio
628 814 804 871 substantiae
823 814 1001 887 panisinsub

107 885 237 939 stantiam
264 885 386 954 corporis
409 884 521 940 Christi.
564 884 698 955 Alioquin
725 892 756 940 et
782 894 945 957 sequeretur
962 885 1002 939 hos

108 953 193 1008 effato
206 951 301 1006 Petri:
327 953 371 1006 Tu
391 971 420 1005 ss
443 952 516 1006 filius
534 953 589 1008 Dei
605 953 739 1020 viventis,
764 956 952 1010 substantium
964 952 1002 1007 filii

107 1020 224 1075 hominis
241 1025 377 1075 mutatam
395 1021 424 1074 in
448 1022 632 1075 substantiam
654 1021 705 1075 filii
722 1021 786 1077 Dei.
829 1030 855 1080 2.
879 1024 958 1079 Panis
971 1026 1003 1077 est

107 1106 208 1159 corpus
227 1089 331 1144 Christi
361 1108 417 1145 non
441 1090 495 1143 nisi
515 1090 753 1145 sacramentaliter
776 1097 805 1146 et
824 1093 934 1149 ratione
947 1090 1002 1157 finis,

107 1159 175 1229 quia
191 1159 220 1212 in
237 1158 312 1212 hunc
330 1176 410 1212 usum
429 1158 583 1214 destinatus
606 1166 662 1227 est,
685 1165 717 1213 ut
741 1159 779 1213 sit
801 1177 941 1233 organum
958 1160 1003 1213 siro

108 1228 245 1295 medium,
272 1244 334 1281 cum
352 1244 407 1298 quo
426 1226 552 1282 Christus
570 1245 650 1281 suum
669 1228 751 1283 nobis
776 1245 883 1300 corpus
900 1230 957 1284 vult
970 1245 1003 1283 er·

108 1297 205 1351 hibere
226 1297 459 1350 manducandum.
494 1296 579 1351 Refer
602 1297 656 1350 huc
680 1313 727 1365 ea,
755 1314 829 1367 quae
856 1299 940 1370 paulo
954 1302 1003 1351 ants

109 1366 145 1420 de
171 1365 284 1435 synecd.
306 1366 426 1418 Latbsri
451 1365 578 1420 diximus.
615 1365 668 1419 Nil
691 1367 785 1419 obstat
803 1372 829 1421 2.
850 1368 926 1439 quod
940 1364 1003 1437 panis

109 1433 218 1488 dicatur
234 1431 315 1503 panis
332 1439 396 1503 post
413 1435 619 1489 conversionem
636 1451 654 1488 a
670 1433 790 1490 termino
813 1453 833 1489 a
860 1454 927 1507 quo,
948 1436 1003 1490 aaut

42 1554 49 1563 ,
108 1503 184 1556 coeci
208 1502 339 1555 dicuntur
360 1502 469 1571 videre,
494 1503 586 1557 claudi
610 1502 767 1571 ambulare,
793 1506 904 1560 Mattb.
926 1506 1003 1569 11‚et

128 1570 250 1625 ublicani
277 1576 305 1624 et
332 1571 488 1625 meretrices
516 1571 630 1625 introire
657 1571 686 1624 in
714 1589 838 1642 regnum
875 1574 1002 1631 coelorum.

107 1588 211 1693 blatta
231 1641 258 1708 3,
276 1641 303 1693 2.
338 1639 477 1694 Bellarm.
499 1640 548 1696 lib.
574 1647 594 1695 1.
619 1641 654 1694 de
671 1639 784 1695 eochar.
806 1658 873 1712 cap.
891 1643 937 1697 ult.
952 1644 1002 1696 ts.

108 1708 160 1761 col.
180 1714 239 1763 466.
258 1706 289 1764 C.
324 1707 376 1760 Est
392 1708 465 1762 enim
491 1717 512 1765 1.
529 1725 546 1762 s
563 1707 740 1780 particulari3
766 1714 789 1764 2.
811 1711 920 1766 elench.
939 1707 1002 1765 simil

107 1777 163 1830 Hic
180 1777 311 1831 dicuntur
329 1793 471 1831 remanere
490 1793 566 1831 mers
583 1795 616 1832 ac
628 1777 704 1831 nuda
715 1777 891 1843 accidentia,
909 1780 936 1833 in
950 1777 1001 1832 alla·

107 1846 144 1899 tis
169 1846 300 1915 exemplis
325 1863 381 1899 non
401 1845 472 1899 item¹
512 1848 566 1899 Nil
590 1847 681 1900 obstat
707 1851 729 1900 3.
750 1847 892 1917 appellari
912 1863 1001 1919 panem,

108 1914 183 1986 quod
202 1915 321 1970 exterius
339 1920 474 2036 apsareat
490 1930 551 1969 esse
567 1915 656 1985 panis,
675 1915 748 1968 sicut
766 1916 865 1995 angeli
882 1916 1002 1988 appellar-

108 1990 154 2038 tur
172 1984 239 2051 viri,
263 2000 295 2037 eo
315 2001 370 2053 quo

108 2053 175 2107 ibid.
195 2053 224 2107 C.
261 2053 312 2105 Est
337 2058 365 2105 et
388 2052 432 2107 hic
454 2052 557 2107 elench.
577 2052 657 2106 simil.
693 2051 781 2106 Panis
804 2054 882 2107 enim
901 2072 952 2109 non
967 2070 1002 2131 aq

107 2126 195 2191 paret,
212 2122 260 2174 sed
277 2137 374 2175 revera
388 2127 481 2176 manet
501 2120 590 2190 panis,
610 2121 676 2203 quia
690 2126 787 2175 manet
804 2124 925 2178 materia
940 2137 1002 2193 panus

108 2196 136 2244 et
153 2189 249 2258 forma,
270 2206 333 2243 cum
350 2190 437 2260 possit
450 2190 551 2261 frangi,
569 2190 599 2242 in
612 2191 716 2244 cineres
728 2190 789 2243 redi
811 2191 829 2260 i,
850 2193 1001 2246 nutrirseta

108 2257 182 2327 quod
200 2259 234 2311 dc
253 2258 334 2311 meris
351 2258 541 2313 accidentibus
560 2258 616 2312 dici
633 2258 736 2328 nequit.
798 2261 820 2313 il
833 2263 928 2315 obstat
940 2268 1002 2315 tuo

108 2326 207 2379 minari
224 2343 324 2395 panem
343 2327 481 2381 idiotismo
499 2326 633 2395 hebraeo,
656 2343 711 2398 quo
734 2328 826 2381 omnis
844 2330 925 2384 cibus
941 2326 1002 2399 panis

108 2394 225 2461 dicatur,
245 2395 282 2451 ib.
297 2394 327 2449 C.
351 2396 392 2450 At
403 2396 559 2450 accidentia
575 2395 664 2464 panis,
681 2394 748 2466 quia
764 2399 875 2454 nutrire
894 2413 1003 2468 nonpos-

108 2469 186 2532 sunt,
211 2464 259 2535 qui
278 2465 389 2518 nomine
409 2464 465 2518 cibi
484 2465 577 2518 venire
596 2463 721 2534 queunt?
749 2466 804 2518 Nil
824 2468 919 2521 obstat
936 2475 956 2522 5.
968 2480 1003 2536 ps·

107 2550 171 2588 nem
189 2551 246 2587 non
257 2549 368 2587 manere
385 2551 485 2602 panem
498 2533 534 2587 ob
546 2533 720 2603 dignitatem,
738 2535 880 2603 quianon
896 2537 1004 2590 vitatu

107 2602 208 2656 rationi
231 2608 460 2666 consentaneum,
483 2608 516 2655 ut
538 2602 619 2655 simul
635 2606 745 2657 maneat
765 2603 849 2657 cibus
873 2604 1004 2660 ventrisst

107 2671 187 2726 cibus
205 2672 314 2739 mentis,
351 2671 411 2724 anis
427 2678 552 2725 terrenus
570 2678 598 2724 et
614 2671 694 2741 panis
711 2670 850 2726 coelestis.
884 2675 1005 2728 Bellum.

107 2740 156 2794 lib.
173 2745 196 2794 3.
219 2740 253 2793 de
277 2690 389 2795 eucbar.
419 2757 442 2794 c.
462 2746 502 2794 22.
529 2746 549 2792 t.
568 2746 592 2793 3.
619 2740 669 2792 col.
689 2744 747 2794 634.
768 2740 805 2794 A.
850 2742 932 2798 Idem
949 2741 1005 2797 enim

108 2808 193 2863 etiam
215 2810 249 2863 de
266 2807 455 2863 accidentibus
493 2807 552 2862 anis
568 2807 679 2875 valebit,
696 2824 769 2879 quae
790 2815 819 2863 et
837 2810 903 2891 ipsa
919 2809 1006 2866 nutrire

108 2878 235 3000 §apiatas
252 2877 404 2945 affirmant3
423 2828 491 2948 quib
511 2877 585 2948 quod
604 2877 682 2930 cibus
701 2878 809 2931 ventris
826 2878 886 2934 dici
903 2898 957 2935 non
973 2878 1007 2931 ds

129 2948 175 3000 et?
213 2949 279 3000 Noa
299 2948 371 2999 enim
388 2948 521 2999 sumimus
538 2947 664 3014 multam,
683 2948 736 2999 sad
746 2963 875 3017 parum,
893 2958 925 3002 at
943 2946 1008 3001 intel·

107 3017 230 3084 hyster,
253 3033 309 3068 aaa
329 3017 370 3068 acl
386 3015 544 3068 satietatem
562 3015 702 3135 corqoria
726 3017 782 3067 sod
804 3019 847 3069 ad
864 3019 1009 3085 sanctifica·

108 3086 210 3137 tionem
224 3084 325 3152 accipi.
344 3085 450 3139 Concil.
464 3084 562 3136 Nicen.
580 3099 634 3136 vo.
650 3089 672 3138 l.
690 3082 789 3137 concil.
809 3084 859 3141 lib.
876 3092 901 3143 3.
921 3087 1009 3140 decta

107 3152 206 3208 Nicen.
227 3171 256 3222 p.
269 3159 328 3207 557.
347 3153 395 3206 col.
414 3160 436 3208 1.
476 3153 529 3205 Nil
549 3152 660 3205 obstant
679 3156 703 3205 6.
722 3157 838 3221 patrum
848 3156 1010 3209 autoritates.

107 3220 247 3276 Bella-m.
259 3221 320 3275 libr.
335 3228 358 3276 3.
372 3222 407 3276 de
420 3220 530 3276 euchar.
546 3237 569 3274 c.
582 3226 623 3276 20.
642 3237 692 3289 per
703 3226 753 3277 tot.
772 3228 830 3278 ts.
847 3223 904 3281 col.
917 3230 973 3280 orl.
982 3221 1010 3276 D.

108 3305 185 3360 seqq.
220 3289 386 3360 Loquuntur
410 3290 482 3344 enim
508 3296 531 3344 l.
552 3290 587 3342 de
613 3287 765 3344 mutatione
790 3296 821 3345 et
843 3292 1012 3349 conversione

408 1989 598 2054 apparuerunt
613 1984 643 2036 in
660 1984 751 2037 forma
769 2002 904 2040 virorum.
938 1986 1003 2038 [aa
