2250 3772
308 252 361 316 De
384 274 407 316 a.
430 262 540 316 sancta
561 251 736 339 Scriptura.
957 254 978 318 3

209 422 239 486 2.
289 423 457 488 Cutecleais
478 425 558 488 unde
580 425 739 507 desumpta
763 419 829 484 est?

154 540 206 604 Ex
224 542 322 606 verbo
339 540 404 606 Dei
425 540 522 605 sacris
543 537 715 624 Scripturis
737 539 974 624 comprehenso.

237 676 306 750 DE
333 673 497 749 SAORA
523 671 815 748 SCRIPTURA.

244 827 272 893 3.
322 826 405 906 Quid
426 838 470 890 est
491 848 581 889 sucro
604 824 795 908 Scriptura?

151 941 252 1009 Sacra
271 940 437 1028 Scriptura
458 953 506 1007 est
528 941 659 1006 verbum
674 942 739 1007 Dei
761 967 780 1007 a
800 942 974 1029 prophetis,

61 1028 268 1114 evangelistis
289 1040 320 1091 et
338 1026 500 1113 apostolis,
520 1026 704 1090 immediato
720 1026 858 1113 Spiritus
874 1028 975 1093 sancti

59 1113 183 1190 afflatu,
204 1113 426 1199 perscriptum,
447 1122 483 1174 ut
504 1134 544 1175 ex
565 1111 621 1174 illo
641 1112 771 1176 devera
785 1113 849 1177 Dei
864 1112 975 1199 cogni-

59 1197 149 1263 tione
171 1207 204 1262 et
225 1196 313 1262 cultu
333 1197 374 1261 ad
394 1196 492 1261 vitam
512 1207 675 1261 aeternam
697 1196 887 1262 erudiamur.

130 1314 297 1383 (Definitum
316 1320 358 1368 est
375 1330 455 1366 sacra
475 1313 625 1384 Scriptura.
661 1314 771 1368 Dicitur
788 1322 881 1369 autem
895 1314 974 1369 Scri·

53 1394 158 1455 ptura,
176 1401 194 1437 a
212 1383 367 1451 scribendo,
386 1381 451 1453 quia
469 1389 511 1437 est
529 1398 599 1453 opus
616 1382 768 1438 scribentis.
803 1383 974 1455 Intelligitur

58 1470 126 1508 vero
146 1470 199 1522 per
217 1451 389 1521 Scripturam
406 1469 462 1504 non
478 1452 617 1521 formala,
636 1451 666 1505 id
685 1457 734 1519 est,
753 1456 832 1506 actus
857 1459 972 1523 etopus

59 1521 205 1576 scribendi
222 1521 281 1574 sivo
291 1521 344 1590 ipsi
362 1519 463 1590 apices,
483 1519 608 1590 syllabae
620 1526 655 1575 'et
668 1521 809 1590 dictiones,
829 1538 900 1591 quae
912 1526 973 1575 tan·

56 1606 147 1661 qnam
179 1589 260 1661 signa
285 1595 313 1643 et
338 1588 464 1659 symbola
488 1589 687 1643 sententiarum
712 1589 882 1644 scribuntur:
923 1591 973 1645 sed

56 1657 212 1713 mariale
231 1657 288 1712 siva
306 1658 467 1726 subjectam,
484 1656 537 1711 hoc
555 1663 605 1726 est,
623 1658 653 1710 id
671 1658 745 1729 quod
760 1659 906 1714 scribendo
925 1676 974 1714 no-

56 1734 147 1793 tatur,
166 1743 217 1782 seu
233 1726 309 1795 ipsae
321 1743 365 1781 res
378 1725 435 1779 sive
448 1726 601 1780 sententiae
618 1730 752 1797 tanquam
764 1727 883 1798 signata,
901 1745 973 1798 quae

56 1797 120 1850 istis
140 1795 229 1849 literis
247 1798 275 1850 et
292 1793 458 1848 dictionibus
480 1792 679 1864 significantur.
719 1796 931 1849 Dicitur'sacra
950 1803 971 1852 1.

55 1882 76 1920 a
95 1880 186 1919 causa
205 1862 349 1931 efficiente,
371 1862 437 1932 quia
454 1879 472 1916 a
491 1862 595 1932 Spiritu
614 1868 709 1918 sancto
733 1870 786 1931 cst,
811 1869 834 1919 2.
851 1865 928 1919 Petr.
949 1871 972 1933 1,

55 1952 84 1989 v.
106 1933 160 1987 ult.
196 1937 220 1986 2.
240 1949 258 1985 a
274 1931 409 2052 subpacto,
435 1931 501 2002 quia
523 1949 567 1986 res
593 1949 686 1986 sacras
703 1937 813 1998 tractat,
833 1938 855 1986 3.
882 1932 971 1987 afine

56 2010 88 2058 et
105 2001 219 2064 effectu,
242 2000 309 2071 quia
347 1999 451 2055 omines
476 1999 638 2055 sanctificat.
683 1999 858 2054 Definitionis
883 2018 971 2070 panus

59 2078 104 2127 est
122 2070 238 2124 emtum
256 2069 321 2124 Dei.
370 2067 427 2124 Ubi
449 2069 630 2137 perverbum
654 2068 822 2140 intelligitur
839 2086 894 2123 non
911 2086 971 2123 ver·

55 2141 126 2194 bum
169 2136 303 2197 οὐσιῶδες
331 2136 566 2192 consubstantiale
596 2137 657 2193 Deo
686 2137 766 2191 Patri
803 2142 831 2191 et
867 2137 970 2194 Siritu

57 2213 173 2275 sancto,
209 2207 268 2260 sive
300 2204 486 2259 ὑποστατικὸν
513 2206 672 2275 personale,
703 2207 778 2277 quod
811 2213 853 2261 est
881 2157 969 2261 Silius

56 2278 123 2346 Dei,
150 2274 273 2330 secunda
294 2291 412 2343 persona
428 2274 569 2343 trinitatis,
594 2275 657 2332 Joh.
686 2281 709 2338 1,
731 2281 754 2344 l,
780 2276 830 2329 sed
855 2277 970 2331 verbum

57 2345 251 2418 accaepistis,
284 2343 359 2414 quod
386 2342 463 2396 Deus
489 2343 549 2412 ipse
579 2342 717 2414 eloquitur
744 2344 802 2398 aive
833 2344 969 2409 enunciat,

56 2419 109 2470 ant
124 2413 212 2467 servis
239 2411 296 2465 auis
321 2411 487 2466 manifestat.
531 2414 638 2466 Formo
665 2421 692 2465 st
720 2412 882 2482 differentia
909 2430 970 2482 spe-

56 2486 157 2552 cifica,
182 2497 238 2552 qua
262 2496 340 2535 sacra
361 2478 503 2550 Scriptura
525 2479 560 2533 ab
579 2481 639 2534 aliis
663 2481 745 2536 rebus
768 2480 894 2536 omnibus
915 2481 970 2535 dis·

55 2551 194 2619 cernitur,
218 2548 336 2603 sumitur
358 2565 375 2602 a
398 2549 490 2604 causis
511 2548 707 2619 efficientibus,
730 2549 785 2603 fine
809 2558 837 2604 et
860 2550 969 2604 effectu.

58 2621 157 2674 Cauca
181 2618 311 2687 efficiens
331 2617 505 2687 principata
524 2624 567 2671 est
584 2617 677 2672 Deus:
704 2619 778 2672 unde
803 2624 831 2672 et
854 2619 968 2673 verbum

57 2689 115 2744 Dei
135 2687 246 2754 dicitnr,
264 2685 330 2758 quia
349 2685 508 2741 immediate
526 2703 543 2740 a
561 2686 621 2741 Deo
642 2685 826 2757 patefactum:
845 2693 893 2740 aut
906 2686 968 2757 Spi-

57 2759 129 2812 ritus
154 2761 276 2820 sanctus‚
304 2754 384 2824 cujus
410 2753 509 2808 afflatu
535 2755 725 2836 perscriptum.
772 2755 968 2808 Administrae

57 2827 118 2881 sive
138 2824 364 2878 instrmnectales
390 2828 455 2876 sunt
477 2823 566 2877 sancti
592 2823 645 2877 Der
666 2824 802 2887 homines,
826 2823 967 2893 aSpiritu

56 2900 157 2949 sancto
175 2893 231 2947 acti
250 2899 278 2947 et
295 2891 380 2960 ducti,
403 2899 427 2947 2.
445 2892 520 2947 Petr.
539 2891 561 2960 Ι,
581 2910 607 2945 v.
629 2898 669 2947 20.
690 2899 735 2957 21,
763 2892 915 2962 prophetae
938 2892 968 2946 in

58 2964 94 3020 V.
115 2962 234 3032 apostoli
260 2967 289 3015 ct
311 2960 497 3031 evangelistae
518 2959 547 3014 in
572 2961 608 3016 N.
626 2960 658 3013 T.
697 2961 780 3015 Finis
804 2969 831 3013 et
856 2963 968 3030 effectus

60 3040 110 3099 cat,
129 3035 162 3084 ut
180 3046 214 3084 ex
230 3029 278 3083 illo
298 3028 332 3083 de
349 3045 415 3082 vera
433 3028 487 3082 Dei
507 3028 648 3100 agnitione
672 3036 699 3084 et
722 3029 798 3084 cultu
822 3029 859 3083 ad
881 3030 968 3084 vitam

56 3107 200 3155 aeternam
214 3097 380 3161 erudiamur,
388 3096 452 3152 Joh.
462 3103 503 3160 20,
514 3113 539 3151 v.
546 3098 595 3151 ult,
609 3098 710 3154 2.Tim.
719 3105 743 3166 3,
753 3114 778 3151 r.
788 3098 837 3152 ult.
856 3101 968 3152 birram

59 3169 147 3241 igitur
178 3165 372 3247 onttfieii,·qui
388 3166 491 3220 ahane
503 3166 680 3236 scripturam,
698 3166 780 3220 modo
798 3166 966 3238 descriptam

60 3247 88 3292 at
98 3186 266 3317 expScatam
278 3235 345 3288 diris
362 3250 395 3289 ac
414 3239 522 3289 tantum
542 3251 596 3290 non
608 3234 775 3306 blasphemis
786 3236 968 3304 proscindunt

57 3305 201 3375 convitiis,
219 3303 309 3375 iisque
328 3309 384 3358 tam
402 3303 575 3373 verbalibus,
597 3321 680 3375 quam
700 3304 832 3374 realibus,
851 3323 967 3375 quorum

770 3395 800 3440 10
