2250 3772
117 226 182 291 568
282 222 389 310 Caput
411 226 453 291 V.
495 224 549 289 De
569 248 671 290 coena
693 225 865 291 dominica.

120 392 151 447 in
167 392 302 446 unitatem
320 407 455 462 personae
472 391 537 446 Filii
553 392 607 445 Dei
628 399 821 472 assumptum,
846 394 881 449 de
905 410 953 465 qiio
966 410 1008 447 non
1053 416 1055 465 j

122 479 156 516 ex
181 460 304 530 physicis
330 461 433 532 regulis
455 461 646 531 judicandum.
689 461 757 519 Vid.
786 481 847 533 sup.
877 464 912 517 de
934 480 1009 517 mnis
1053 474 1055 481 ·

122 530 216 584 idiom.
239 529 317 600 grad.
337 536 360 586 2.
394 530 477 584 Adde
502 531 577 600 quod
600 530 761 599 praesentia
784 532 814 585 in
834 549 856 588 s.
876 548 956 587 coena
969 548 1010 585 non

123 599 278 666 dependeat
299 616 332 653 ex
354 598 522 677 proprietate
546 599 666 669 quadam
686 600 812 669 corporis
830 602 962 655 naturalis
975 599 1012 665 (sic

121 667 195 723 enini
212 684 267 721 non
284 676 416 737 mystica,
435 668 484 721 sed
501 667 635 722 naturalis
651 668 751 733 foret),
779 686 880 724 verum
896 687 929 725 ex
942 668 1013 723 condi

122 736 198 790 tione
216 738 338 805 corporis
352 735 462 793 Christi.
481 736 508 789 vi
520 736 666 790 verborum
680 736 867 792 institutionis
883 745 912 793 ct
928 738 1015 793 &inst

122 804 318 874 promissionis.
351 806 404 857 Nil
422 806 513 857 obstat
532 814 555 859 l.
593 804 648 858 uod
662 821 763 874 corpus
779 807 887 861 Christi
904 807 934 862 in
950 821 1017 862 coeat

121 889 177 926 non
199 872 310 926 videtur
331 890 383 927 nec
424 873 542 942 alpatur.
608 890 656 926 aaa
680 873 747 927 ibid.
771 892 796 929 c.
818 882 862 932 20.
888 894 916 946 p.
935 878 1018 931 aare

122 957 182 1009 cap.
203 946 243 995 26.
262 946 360 1020 1³:²35·
420 942 443 995 it
459 943 537 996 enim·
548 941 600 1023 hoc
619 949 641 997 1.
653 942 720 1011 quia
736 950 783 1022 est
801 960 848 998 res
867 944 1018 1023 coelestisol

122 1009 597 1149 illitilittttipttlt.
610 1016 1019 1152 titttttnlthittt

123 1146 198 1216 quod
224 1146 260 1200 ab
285 1148 373 1200 oeulis
398 1155 427 1201 et
449 1147 577 1201 manibus
600 1165 655 1201 non
674 1147 806 1228 gloriosis
830 1167 927 1272 nepus
950 1148 1018 1204 rideri

122 1231 214 1285 neque
251 1215 339 1284 alpaii
357 1221 457 1285 potest,
477 1217 529 1269 nisi
548 1217 681 1286 peculiari
696 1234 726 1271 se
737 1218 823 1272 modo
841 1219 872 1271 vi
893 1220 1019 1274 sudumst

121 1232 293 1353 palpantium
312 1283 456 1352 exhibeat,
478 1285 534 1339 vid.
552 1287 619 1340 Lae.
641 1289 685 1352 24,
702 1288 758 1354 31,·
777 1288 847 1342 Job.
867 1290 1017 1356 2111920,

123 1358 152 1407 et
170 1370 230 1421 erip.
245 1357 289 1418 21,
303 1356 343 1406 11.
362 1353 417 1408 Sed
430 1360 524 1408 tamen
542 1360 566 1408 3.
579 1353 756 1408 nihilominus
777 1360 931 1425 propterea
941 1372 1017 1410 veiim

123 1426 166 1475 est
189 1437 300 1490 corpus,
325 1422 392 1491 quia
414 1422 525 1477 visibile
551 1430 593 1476 est
615 1430 644 1477 et
665 1439 777 1492 semper
801 1431 901 1478 manet
922 1432 949 1479 in
964 1439 1018 1490 sese,

123 1490 189 1543 lieet
211 1498 275 1543 actu
291 1490 359 1559 ,ipso
384 1507 401 1543 a
427 1490 508 1544 nobis
531 1509 586 1545 non
605 1507 671 1544 cons
693 1490 807 1561 iciatur,
834 1497 907 1547 Luc.
925 1499 969 1562 24,
983 1495 1015 1545 ³9.

123 1558 176 1611 Nil
196 1560 286 1611 obstat
305 1566 329 1613 5.
347 1559 423 1629 quod
442 1559 566 1613 Christus
582 1561 611 1612 in
629 1509 737 1613 coehuin
756 1562 901 1627 ascendit,
919 1563 953 1616 ad
967 1562 1016 1615 der·

122 1634 194 1680 tram
213 1626 305 1681 Patris
322 1626 463 1695 consedit,
479 1635 508 1681 et
525 1628 589 1682 inde
608 1629 719 1682 demum
737 1630 776 1682 ad
789 1630 932 1698 judicium
948 1636 1017 1685 extre·

123 1714 199 1749 mum
219 1713 379 1751 reversurus
397 1702 447 1750 est.
494 1698 586 1750 Ursis.
604 1696 701 1767 explic.
721 1698 829 1752 catech
850 1717 916 1771 pag.
934 1703 1017 1755 ittet

124 1772 183 1819 550.
219 1765 252 1818 In
276 1766 353 1819 coelo
377 1765 449 1819 enim
475 1772 516 1819 est
538 1782 570 1819 co
605 1783 638 1819 us
657 1765 759 1819 Christi
777 1768 1016 1837 supernaturaliter,

122 1851 173 1903 per
189 1834 245 1887 seri
264 1833 384 1903 corporis
402 1833 515 1904 gloriosi
534 1851 578 1888 mo
600 1852 660 1902 um,
677 1835 707 1887 in
724 1851 814 1890 coena
825 1842 871 1890 est
882 1844 1015 1891 samamen·

122 1902 229 1965 taliter,
255 1903 284 1956 in
307 1904 381 1971 λόγῳ
407 1910 450 1957 est
471 1903 659 1972 personaliter.
695 1904 750 1968 Qui
765 1906 843 1959 modi
864 1904 1017 1976 praesentiae

123 1982 188 2025 sunt
208 1972 320 2041 qiiidein
338 1972 447 2039 diversi,
466 1978 496 2025 at
514 1989 570 2025 non
589 1972 717 2040 oppositi.
741 1973 808 2028 Vid.
829 1974 865 2028 de
885 1975 937 2029 hoc
952 1989 1015 2094 ailfr-

122 2047 216 2095 mento
235 2059 295 2110 sup.
315 2042 349 2094 de
370 2046 433 2096 stat.
453 2041 565 2094 exaltat.
607 2041 689 2093 Nihil
708 2043 800 2094 obstat
817 2048 841 2096 6.
855 2044 969 2097 tritumi
987 2038 1015 2093 ud

123 2115 262 2163 veterum:
286 2128 397 2161 siarcum.
409 2112 507 2162 corilo.
536 2109 648 2164 Sodeet.
662 2110 680 2163 l.
697 2110 732 2163 de
743 2111 908 2166 manducat.
919 2126 1015 2165 sacram

123 2195 146 2231 e.
166 2184 189 2231 3.
208 2196 234 2247 p.
254 2184 310 2232 llil.
341 2177 384 2230 Er
396 2177 531 2246 Cypriae.
550 2195 629 2231 serm.
644 2183 667 2232 6.
688 2178 723 2231 de
743 2185 815 2232 orat.
831 2180 916 2234 Dom.
933 2199 959 2250 p.
971 2183 1015 2234 lit.

122 2246 175 2299 Est
191 2246 263 2299 eiiiiii
282 2247 458 2317 homonymia
476 2247 505 2299 iii
523 2245 659 2300 vocabulo
677 2265 799 2309 cursum,
819 2250 897 2318 quod
915 2268 967 2303 non
980 2263 1015 2300 no

122 2319 166 2367 tat
182 2314 380 2370 sublimitatem
401 2316 467 2381 loci,
492 2315 541 2367 sed
558 2315 689 2384 mysterii.
731 2315 813 2370 Tunc
833 2319 909 2371 enim
928 2318 1015 2372 eleim-

122 2388 170 2435 tui
188 2383 271 2436 iiiiinii
293 2402 416 2445 sursum,
436 2384 547 2463 quando
566 2400 621 2436 non
643 2383 791 2438 aestimant
810 2385 864 2439 hoc
884 2400 1008 2440 sacramen

122 2459 183 2506 tuin
201 2470 234 2506 ox
251 2452 316 2506 solis
333 2452 467 2523 symbolis
486 2452 616 2517 externis,
642 2453 691 2506 sed
716 2470 749 2506 ex
768 2452 833 2523 ipsa
853 2455 1015 2510 institutione

123 2522 175 2575 Nil
196 2522 286 2575 obstat
308 2529 330 2575 ῖ.
349 2522 424 2592 quod
440 2520 572 2574 memoria
591 2522 627 2573 sit
642 2538 733 2575 rerum
752 2522 930 2592 absentium,
948 2535 1016 2577 ootnt

123 2598 216 2645 autern
235 2591 373 2644 dominica
393 2591 429 2643 sit
448 2590 580 2643 memoria
596 2589 704 2658 Christi,
724 2594 918 2662 Lac.22,1.‘l;
936 2598 957 2647 i.
968 2590 1015 2643 Cor.

127 2664 165 2722 11,
184 2664 227 2713 25.
266 2661 357 2712 Ursis.
383 2659 454 2729 expl.
480 2657 584 2712 catech.
609 2676 637 2727 p.
656 2665 714 2713 545.
756 2659 939 2716 Anteccdens
961 2658 1016 2714 enim

122 2745 178 2781 noii
197 2735 239 2783 cst
257 2728 425 2795 universale3
443 2744 508 2781 area
525 2726 643 2780 foederis
656 2727 685 2780 in
697 2728 733 2782 V.
745 2727 777 2781 Τ.
797 2736 858 2782 erat
878 2724 1018 2785 memoriale

123 2796 191 2863 Dei,
214 2815 269 2851 iioii
288 2797 425 2866 absentis,
448 2797 497 2851 sed
521 2796 683 2866 praesentis.
724 2802 747 2852 2.
767 2796 942 2868 Sequeretur
961 2795 1017 2859 inde,

126 2864 265 2919 Christum
285 2866 367 2935 plane
382 2883 438 2919 non
456 2865 553 2919 adesse
572 2882 608 2920 ss.
628 2880 745 2933 coenae,
768 2865 799 2918 id
818 2868 897 2938 quod
916 2878 1018 2922 assensa

122 2934 291 2988 cordatiores
318 2933 472 2989 calviniani
501 2934 579 2987 velut
603 2933 718 3002 impium
747 2934 941 2990 reformidant.
978 2930 1017 2987 llil

124 3004 214 3055 obstat
233 3010 257 3059 8.
275 3004 350 3083 quod
362 3004 441 3057 nefas
460 3002 496 3057 sit
515 3018 615 3071 corpus
628 3001 730 3055 Christi
741 3002 848 3058 intrare
865 3005 898 3057 iii
913 3023 953 3073 os,
967 3004 1018 3057 den·

120 3070 197 3125 tibiis
215 3072 361 3140 masticari,
380 3071 534 3126 ventriculo
552 3070 643 3141 ingeri
659 3075 687 3126 st
704 3071 733 3124 in
745 3072 846 3126 eodem
858 3074 962 3145 digeri3
975 3067 1017 3123 rid

121 3139 227 3193 Beroia
254 3141 270 3194 l.
295 3142 329 3195 do
354 3157 441 3195 coena
463 3141 535 3194 dom.
559 3146 645 3193 contr.
669 3140 798 3209 Wcstph.
824 3158 847 3195 c.
868 3147 910 3198 ia.
936 3142 985 3195 rol
1001 3142 1017 3191 1.

121 3226 149 3277 p.
169 3214 229 3263 rio.
265 3208 421 3280 Creophag.
439 3210 493 3263 vol.
516 3215 536 3262 l.
557 3226 584 3277 p.
605 3215 662 3264 266.
695 3209 766 3264 Sunt
783 3210 860 3264 enim
880 3219 897 3267 4
918 3202 1038 3265 termill'

120 3278 149 3330 A
167 3277 287 3331 naturali
305 3279 520 3335 manducatione
541 3277 578 3331 ad
597 3278 828 3334 sacramentalem
846 3283 1018 3351 argumentm
