2250 3772
435 246 487 309 De
508 258 648 331 peccatu.
934 247 996 312 165

122 410 152 475 17,
168 413 192 464 7.-
206 411 257 466 hro
274 412 353 467 Deus
369 419 449 480 tuus,
475 420 503 468 et
521 413 631 468 seminis
648 413 690 466 tui
710 418 761 466 eta.
801 413 908 466 Calvia.
928 413 995 468 ibid.

121 491 168 599 1³⁸5·
184 486 233 536 795.
266 481 346 603 liaeo
366 483 447 545 enim,
466 488 499 536 ut
514 481 607 561 liberis
625 481 723 549 prosit,
742 482 889 550 requiritur
907 483 995 551 appli-
1101 560 1110 571 1

119 551 359 672 tate-..⁰:¹33
377 550 483 673 that
498 551 697 686 iiiffliffuia
714 552 914 672 theeth
926 568 994 673 itt.

118 689 370 765 roshansunditur.
420 690 510 742 Titan.
536 688 638 757 disput.
662 693 702 743 56,
724 689 793 741 thes.
820 694 861 743 30.
886 706 913 756 p.
934 694 992 742 353.

118 748 207 828 Tollite
222 757 296 810 enim
314 758 406 827 quoad
423 763 538 826 reatum,
557 756 605 827 qui
621 757 661 810 eis
678 773 728 826 per
745 755 885 810 Christum
902 756 1003 810 remit-¹

116 821 176 886 tta,
196 830 287 879 manet
309 825 484 879 nihilominus
508 831 601 887 aetum
630 825 691 895 ipsa
719 825 824 878 seilicet
846 825 994 890 cornutio,

117 885 212 946 defecta
236 901 264 948 et
292 894 516 963 concupiscentia
543 910 637 965 prava.
686 893 768 948 Unda
797 893 893 947 tritum
924 843 995 946 ilud

114 955 239 1024 taurini
255 961 303 1016 lib.
323 964 358 1016 da
375 969 454 1033 nupt.
476 969 503 1018 et
522 979 637 1031 concup.
655 979 677 1016 e.
694 969 734 1016 25.
755 967 775 1017 t.
793 969 816 1016 7.
829 963 880 1016 eol.
895 967 945 1016 824
957 962 993 1015 D.

114 1023 235 1082 Peccatum
252 1031 283 1082 ia
301 1032 438 1100 baptismo
456 1032 618 1098 remittitur,
637 1049 693 1083 aaa
711 1039 742 1083 at
759 1048 815 1083 aaa
833 1031 878 1092 ait,
894 1033 946 1083 aad
963 1038 994 1082 at
1093 1092 1094 1099 ἵ

113 1106 153 1144 toa
167 1098 338 1168 imputetur.)

114 1218 154 1285 lt*
172 1229 266 1292 Estne
280 1241 443 1312 peccatam
463 1230 589 1312 oripiaia
613 1230 680 1312 aisa
702 1228 832 1291 hominis
855 1229 997 1311 correpti

112 1309 257 1376 substantia
279 1315 340 1375 aiae
360 1325 487 1388 aratura,
509 1336 550 1374 aa
573 1334 644 1374 aero
667 1314 805 1377 aaaideaa
824 1315 856 1375 a'a
879 1324 995 1374 natura

386 1397 522 1460 hamana
540 1396 693 1460 haereas?
944 1410 949 1415 ·

172 1495 242 1560 Nan
264 1508 313 1560 est
333 1497 510 1560 substantia
530 1498 596 1560 aive
620 1508 732 1560 natura
753 1496 839 1582 ipsa,
866 1496 923 1559 sed
944 1506 993 1559 est

107 1571 256 1644 adventitia
278 1582 415 1664 qualitas
437 1582 499 1667 ipsi
520 1594 651 1645 naturae
672 1582 848 1645 inhaerens

121 1737 127 1752 ι
172 1663 254 1744 Quia
287 1667 315 1730 1.
339 1667 454 1730 diserte
483 1667 518 1729 id
545 1667 707 1752 apostolus
735 1677 884 1740 testatur,
915 1667 992 1730 dum

107 1751 151 1805 at:
159 1764 311 1831 peecatum
326 1753 364 1814 a'a
378 1775 432 1815 aaa
446 1752 573 1836 habitat,
588 1754 702 1816 rnatum·
716 1754 811 1815 milri
825 1752 991 1831 adjacet,

105 1821 177 1898 Rara.
200 1837 227 1911 7,
251 1837 300 1899 17.
321 1837 372 1900 20.
392 1838 443 1902 21.

105 1985 111 1998 ,
158 1931 197 1998 (Id
213 1939 321 2003 autem,
340 1936 415 2006 quod
433 1936 589 1990 habitatin
604 1942 704 1990 natura
719 1935 853 1998 humana,
871 1950 927 1986 non
949 1937 991 1987 est

104 2003 150 2066 {aa
163 2009 267 2071 natura,
283 2005 334 2058 'sed
353 2005 430 2057 ahud
448 2006 484 2058 ab
502 2021 548 2069 ea3
567 2006 673 2058 Paulus
691 2005 772 2072 enim,
791 2005 856 2057 dum
869 2001 991 2056 affirmat

102 2070 126 2112 u
141 2083 164 2120 se
179 2071 305 2143 habitare
324 2081 485 2142 peecatum,
508 2091 564 2127 non
587 2074 655 2127 facit
678 2090 712 2127 ex
735 2078 849 2143 peccato
874 2071 990 2125 alteram

102 2130 277 2205 substantiam,
304 2142 384 2211 quasi
408 2143 437 2195 in
456 2143 565 2196 homine
584 2149 656 2196 esset
675 2144 745 2196 alter
768 2142 849 2194 homo
873 2146 902 2194 et
920 2141 990 2194 alter

102 2190 189 2272 hospes,
208 2209 316 2264 scilieet
324 2219 480 2279 peecatum,
496 2211 547 2265 hoe
560 2219 610 2276 est,
623 2213 694 2266 duae
707 2210 887 2276 substantiae,
902 2210 990 2263 altera

100 2257 158 2350 bona
172 2292 188 2329 a
202 2277 278 2340 Deo,
305 2288 333 2332 et
355 2279 442 2333 altera
461 2281 536 2333 mala
554 2297 572 2333 a
591 2280 714 2345 diabalo,
741 2279 815 2349 quod
833 2277 990 2332 Manichaei

99 2329 231 2414 feriebant,
261 2348 389 2402 Prateol.
415 2348 434 2407 l.
462 2355 500 2403 11.
526 2349 630 2402 elench.
657 2348 761 2402 haeres.
789 2353 813 2402 6.
840 2365 903 2417 pag.
930 2352 990 2414 309,

97 2400 171 2488 Eae.
189 2416 352 2485 mataealog.
373 2416 477 2470 haeres.
495 2434 560 2488 pag.
582 2423 639 2485 168,
659 2418 708 2471 sed
733 2417 875 2486 apostolus
894 2415 989 2468 distin·

97 2482 148 2538 gut
161 2484 286 2537 assidens
306 2502 323 2537 a
342 2485 505 2553 substantia,
524 2486 652 2538 nimirum
669 2493 816 2556 peceatum
834 2485 989 2549 enatura.)

166 2583 250 2664 Quia
270 2587 300 2652 2.
322 2611 341 2650 a
355 2602 468 2652 natura
483 2590 630 2664 humana,
650 2589 720 2673 ipsa
740 2600 886 2652 manente
908 2587 989 2650 inte-

96 2676 152 2824 gra,
160 2671 308 2816 bseparari
326 2686 441 2756 potest,
464 2687 495 2738 et
517 2674 550 2736 in
571 2673 678 2737 futura
699 2673 764 2737 vita
790 2696 824 2735 re
845 2674 914 2756 ipsa
940 2694 989 2734 se-

116 2766 160 2814 ara
180 2778 190 2815 1
203 2778 249 2817 ur.

125 2911 131 2924 ,
154 2851 219 2918 (Hoc
242 2860 337 2908 autem
362 2856 504 2925 proprium
530 2863 571 2911 est
597 2857 790 2913 accidentium.
832 2857 896 2911 Non
921 2872 988 2926 ergo

100 2919 142 2968 ent
153 2918 208 2990 ipsa
227 2927 346 2988 natura.)

130 3097 136 3112 ι
168 3020 249 3102 Quia
276 3026 306 3093 3.
328 3024 435 3110 imago
458 3025 523 3089 Dei
552 3027 585 3090 in
613 3027 741 3090 homine
772 3028 896 3126 integro
922 3048 988 3090 non

102 3089 149 3162 fult
164 3109 341 3174 substantia.
378 3112 468 3196 Ergo
488 3134 547 3176 nee
561 3124 724 3196 peccatam
740 3113 882 3197 originis,
901 3112 988 3196 quud

103 3173 237 3328 ilitiocum
260 3196 328 3278 ejus
351 3197 519 3273 successit,
552 3197 585 3259 in
606 3197 733 3261 homine
763 3210 911 3282 corrupto
940 3207 988 3262 est

151 3279 259 3344 stantia.
