2250 3772
241 239 294 304 De
315 261 413 305 causa
432 238 632 303 ministeriali
654 237 812 325 baptismi.
917 239 980 303 501

159 408 250 489 Quia
274 412 304 477 2.
327 409 525 474 circumcisio
547 408 581 472 in
601 410 643 476 V.
666 408 704 474 Τ.
726 408 760 472 in
785 406 982 472 necessitatis

63 514 151 560 casu
178 505 212 558 et
237 518 257 559 a
279 494 429 559 foeminis
451 492 664 557 administrari
685 492 806 579 potuit,
834 492 981 577 exemplo

65 578 228 666 Ziporae,
250 582 355 648 and.
375 583 406 665 4,
428 580 480 657 25,
504 591 536 643 et
560 578 771 643 foeminarum
791 577 983 642 Israiilitiea-

66 689 155 743 rum,
178 666 207 730 1.
228 665 372 732 Maccab.
396 665 426 741 1,
447 664 488 730 63
496 689 505 741 ;
528 666 557 729 2.
580 667 719 728 Maccab.
742 665 771 741 6,
795 666 843 730 10.

144 814 287 883 (Rationes
304 816 460 886 procedunt
476 832 494 868 a
510 813 631 885 paribus.
665 813 709 869 De
729 814 830 885 quibus
847 814 921 868 idem
936 813 982 883 ju·

67 883 186 939 dicium.
221 884 259 938 Et
278 886 354 955 quod
371 884 446 939 valet
465 884 493 937 in
511 900 542 938 re
564 882 638 953 pari,
659 884 734 938 valet
757 883 841 938 etiam
862 882 892 936 in
908 898 981 936 com·

66 952 141 1025 pari.
175 952 313 1008 Psobatur
332 954 406 1008 idem
426 951 564 1007 communi
581 952 692 1022 regula:
715 952 765 1004 abi
789 970 871 1005 sasas
888 968 982 1004 asces-

66 1022 176 1089 sitats's,
195 1022 237 1075 itt
253 1024 405 1076 commanis
423 1024 494 1076 ordo
513 1029 611 1074 cessat.
642 1019 717 1075 Ordo
738 1021 810 1075 enim
828 1036 982 1074 sacramen-

67 1091 108 1145 tis
127 1106 186 1144 non
205 1090 377 1159 dominatur,
398 1090 448 1144 sed
471 1090 570 1144 iisdem
587 1089 737 1157 subservit,
757 1090 894 1160 siquidem
913 1088 981 1142 ordo

68 1166 188 1231 propter
206 1166 386 1223 sacramenta,
403 1176 459 1214 non
478 1164 660 1238 sacramenta·
667 1164 781 1238 propter
797 1159 921 1212 ordinem
940 1157 981 1210 in·

67 1227 180 1283 stituta
217 1227 292 1282 Hine
317 1228 450 1284 laicorum
474 1228 629 1297 baptismus
652 1246 682 1281 1n
705 1227 847 1297 primitiva
865 1226 982 1281 eeclesia
1069 1270 1082 1287 .

67 1296 102 1351 in
118 1314 173 1351 usu
190 1297 252 1365 tuit,
271 1302 343 1352 teste
358 1296 476 1351 Tartatl.
497 1297 531 1351 de
549 1295 649 1365 baptis.
671 1312 693 1349 0.
711 1303 749 1351 17.
767 1301 788 1350 1.
801 1302 823 1350 3.
841 1314 869 1366 p.
881 1301 938 1350 464.
948 1293 981 1348 F.

68 1370 100 1420 et
129 1364 295 1433 Hieronym.
323 1371 396 1420 cont.
422 1365 543 1419 Lucifer.
571 1370 593 1421 t.
618 1371 642 1419 2.
670 1383 697 1435 p.
724 1371 780 1419 139.
798 1365 830 1419 Β.
874 1362 981 1418 Consti.

67 1434 225 1491 Elibertia.
237 1450 298 1488 can.
312 1440 353 1489 38.
363 1434 416 1488 vol.
434 1443 454 1489 1.
468 1433 564 1488 concil.
582 1453 609 1504 p.
623 1438 680 1488 603.
698 1434 828 1487 Ambros.
840 1433 869 1486 in
882 1450 942 1502 cap.
957 1438 980 1486 t.

66 1502 175 1585 Ephes.
196 1507 215 1556 t.
235 1511 259 1559 5.
278 1521 307 1573 p.
325 1510 383 1568 355,
402 1504 468 1558 item
486 1520 547 1573 cap.
568 1508 694 1556 20010.
716 1509 757 1556 35.
779 1503 813 1557 de
832 1504 983 1556 consecrat.

68 1572 136 1626 dist.
153 1576 177 1626 4.
214 1572 326 1625 Errant
343 1572 429 1653 igitur
448 1572 625 1638 Uulcaniam,
640 1571 689 1642 qui
706 1571 776 1624 nulli
793 1571 879 1638 laico,
898 1570 982 1624 etiam

68 1640 101 1695 in
120 1656 188 1694 essu
207 1640 379 1695 necessitatis
401 1657 539 1707 summae,
562 1641 693 1710 baptismi
715 1639 982 1694 administrationem

109 1708 248 1789 rmittunt.
269 1709 397 1789 ⁸Calain.
423 1711 442 1764 l.
460 1717 484 1765 4.
509 1709 594 1763 instit.
619 1726 641 1763 0.
663 1717 702 1764 15.
726 1727 748 1762 s.
768 1716 808 1763 20.
833 1725 898 1779 pag.
921 1715 981 1762 850.

67 1784 303 1900 sibilabit
321 1777 809 1917 ituitaift'aiiaiuaii‘tiiait
834 1785 982 1898 taeta

67 1914 301 1986 profanationem,
320 1922 389 1984 part.
408 1922 432 1970 2.
450 1922 556 1987 quaest.
576 1921 603 1969 et
620 1932 741 1983 respons.
760 1933 787 1985 q.
808 1921 862 1969 140.
881 1914 933 1968 vol.
956 1918 980 1967 3.

67 1980 980 2121 05111010111.’.10001110110110011

67 2122 103 2175 lis
116 2138 267 2190 eorumque
279 2122 483 2176 suecessoribus
495 2120 679 2175 demandavit.
692 2092 802 2175 Basab.
816 2122 843 2174 d.
852 2122 869 2173 l.
884 2141 910 2192 p.
920 2125 979 2173 012.

67 2189 151 2244 Idem
169 2188 241 2243 enim
258 2190 293 2243 de
313 2191 450 2244 ordinario
470 2189 620 2243 ministerio
638 2189 750 2260 publico
764 2190 890 2260 procedit
904 2197 982 2243 extra

66 2256 243 2313 necessitatis
266 2274 375 2325 casum,
399 2259 449 2313 ubi
474 2259 556 2329 copia
571 2258 758 2313 ministrorum
780 2259 981 2312 ordinariorum

68 2328 164 2381 datur.
198 2327 250 2380 Est
269 2327 355 2397 igitur
372 2327 580 2398 inconsequens.
612 2329 664 2380 Nil
682 2330 773 2381 obstat
790 2334 812 2382 2.
834 2328 909 2399 quod
928 2343 981 2381 nec

65 2395 180 2467 privato
209 2396 314 2449 homini
341 2413 455 2450 coenam
475 2397 645 2463 {dominicam
671 2397 864 2452 administrare
889 2398 980 2450 liceat.

70 2464 183 2520 Calais.
206 2464 234 2518 d.
251 2465 269 2517 1.
292 2482 319 2534 p.
340 2470 398 2520 850.
437 2467 552 2518 Basans'
575 2466 658 2535 alleg.
684 2483 710 2536 q.
730 2472 769 2520 12.
795 2485 821 2535 p.
843 2472 899 2520 612.
920 2471 979 2519 013.

64 2532 107 2588 Et
124 2533 204 2586 aaa
222 2533 252 2586 in
269 2549 340 2603 resp.
359 2539 382 2587 2.
402 2532 436 2587 de
456 2534 553 2604 colloq.
572 2532 722 2604 Mompelg.
740 2552 767 2604 p.
783 2541 839 2589 141.
875 2533 980 2602 Dispar

68 2601 146 2657 enim
164 2607 207 2655 est
223 2601 303 2656 ratio.
340 2602 500 2670 Baptismus
519 2602 592 2656 enim
610 2609 651 2655 est
670 2611 871 2658 sacramentum
889 2602 980 2655 initia·

68 2670 166 2738 tionis,
184 2687 239 2740 quo
258 2670 377 2738 primum
397 2671 531 2724 ecclesiae
542 2671 687 2725 inserimur
706 2679 734 2726 et
745 2672 863 2740 Spiritus
877 2688 897 2723 s.
918 2686 981 2740 gra-

66 2739 113 2795 tia
134 2755 312 2808 renovamur3
340 2740 459 2809 ideoque
483 2757 588 2795 summe
610 2740 798 2809 necessarius,
822 2741 887 2793 Jot.
907 2742 934 2795 3.
952 2742 977 2794 5.

64 2806 165 2863 Coena
180 2824 246 2862 vero
264 2808 364 2860 domin.
387 2814 430 2861 est
446 2825 560 2861 sacram.
581 2808 808 2874 confirmationis,
827 2808 980 2878 quaelicet

65 2876 241 2947 negligenda
259 2894 315 2930 non
332 2876 375 2944 sit,
392 2881 486 2930 tamen
506 2878 530 2930 si
548 2877 644 2931 haberi
661 2895 716 2931 non
736 2878 831 2947 possit,
852 2877 889 2930 ad
907 2878 979 2929 salu·

64 2951 124 3001 sam
143 2945 185 2997 ita
202 2945 327 3013 praecise
342 2945 499 2999 necessaria
516 2964 572 2999 non
589 2954 646 3014 est,
668 2947 734 3016 quia
755 2952 814 2999 tum
832 2945 979 3025 baptisma

63 3020 128 3069 tum
152 3013 381 3083 promissionibus
404 3031 473 3068 evan
496 3015 572 3068 elicis
596 3016 625 3067 in
645 3014 698 3068 hac
722 3014 893 3070 necessitatrs
918 3013 981 3067 alea

64 3080 137 3137 fides
162 3082 318 3137 confirmari
339 3089 439 3152 potest.
502 3084 528 3137 ic
551 3083 624 3137 enim
644 3083 720 3138 valet
736 3087 855 3153 Aspast.
881 3083 980 3153 regula

68 3155 151 3205 huet.
173 3156 214 3205 25.
231 3151 261 3204 in
278 3150 341 3207 Joh.
361 3156 382 3204 t.
394 3159 419 3204 0.
436 3152 487 3205 001.
501 3158 559 3207 218.
571 3151 606 3205 C:
634 3150 724 3205 Oreas
744 3160 770 3205 at
792 3152 979 3205 manducasti.

65 3220 121 3273 Nil
138 3220 230 3273 obstat
247 3225 271 3274 3.
282 3221 364 3341 guod
384 3220 663 3290 gynaeeobaptismus
676 3237 693 3273 a
705 3221 846 3275 Marcione
860 3221 979 3290 primum

67 3288 252 3344 introductus.
304 3290 390 3365 alsia
406 3289 492 3343 instit.
511 3289 530 3344 l.
542 3298 566 3344 4.
588 3298 666 3344 015.
687 3307 707 3343 a
719 3296 761 3345 21.
778 3309 807 3361 p.
827 3296 885 3346 851.
911 3289 979 3343 Per·
