2250 3772
424 234 476 299 Dc
497 245 637 320 peccato.
924 237 985 301 161

112 399 152 452 lt.
165 400 192 456 dc
206 403 290 456 amiss.
306 407 378 473 grat
394 409 422 456 et
434 408 498 459 stat.
512 409 618 473 peccat.
639 421 663 459 c.
681 409 721 458 15.
739 409 758 457 t.
772 408 794 457 4.
813 402 864 455 col.
880 408 937 458 382.
950 405 986 458 D.

110 473 158 523 etc.
169 471 257 526 lacot
270 477 330 527 394.
344 472 378 527 Β.
389 478 417 526 et
426 472 442 525 L
452 479 476 526 4.
490 489 513 525 c.
527 479 549 526 2.
564 472 615 526 col.
631 478 689 527 236.
709 471 812 526 Contra
826 471 986 542 quamfacit

112 536 203 592 Thomas
217 541 246 594 in
266 546 289 594 1.
308 540 421 595 secund.
443 546 549 612 quaest.
570 547 611 595 75.
629 548 681 597 art.
702 547 724 595 1.
753 543 906 593 Lombard.
924 541 942 595 l.
963 547 986 597 2.

109 610 159 660 snt
174 607 227 662 dist
248 614 288 664 ³5.
305 609 327 665 f.
347 615 406 664 218.
417 609 454 663 K.
473 609 576 677 etalii,
595 609 643 680 qui
663 611 692 662 in
711 609 831 679 positiva
849 609 985 678 qualitate

108 675 250 734 confluunt.
280 675 334 731 III.
347 677 440 732 Causa
457 695 605 748 procreans
624 677 782 748 propinqua
799 679 984 733 cstAdamus.

58 776 61 785 ·
108 740 147 796 Por
160 761 233 799 unum
251 746 326 800 enim
343 746 482 801 hominem
499 747 613 801 intravit
629 754 783 816 peccatum,
802 749 883 800 Rom.
896 752 922 814 5,
940 751 984 816 12,

58 814 62 859 ·'
108 827 147 888 pon
161 815 261 893 quidem
285 814 322 868 ab
346 815 426 869 initio
447 815 607 879 creationis,
633 817 783 869 eratenim
802 815 929 869 conditus
948 817 986 870 ad

58 936 61 949 ,
107 894 223 952 umam
235 883 296 952 Dei,
321 884 389 938 Gen.
408 890 428 950 1,
442 887 486 951 27,
504 884 554 937 scd
571 889 636 953 post
652 884 770 954 lapsum.
789 885 908 953 Aepust.
921 903 986 938 coa·

58 970 62 979 ·
103 948 155 1012 sus.
173 959 218 1006 srt.
236 957 260 1006 2.
284 969 312 1021 p.
332 959 356 1006 9.
391 953 449 1009 Ubi
473 959 567 1006 tamen
592 969 678 1006 causa
718 952 829 1005 rimaris
848 953 984 1007 Diabolus

120 1015 125 1028 '
163 1037 193 1074 ue
221 1021 346 1075 seductio
378 1038 434 1075 non
463 1021 632 1089 excluditur,
666 971 717 1075 sei
744 1023 985 1090 praesupponitur.

106 1080 140 1162 l..
173 1106 245 1144 orma
266 1089 325 1144 sive
343 1090 442 1143 modus
459 1090 666 1160 propagationis
686 1095 728 1143 cst
739 1089 857 1143 carnalis
872 1107 986 1161 genera·

58 1156 61 1211 ἒ
106 1156 191 1212 tosivs
205 1175 293 1227 proa
331 1159 379 1212 tio.
411 1159 517 1213 Genuit
535 1159 609 1212 enim
620 1159 712 1211 Adam
726 1157 814 1211 filium
834 1159 869 1211 ad
888 1160 985 1230 imagi·

58 1216 62 1295 l
106 1235 150 1275 nen
164 1230 224 1290 (non
240 1175 309 1295 liei,
336 1227 488 1282 secundum
512 1244 596 1298 quam
613 1227 672 1297 ipse
693 1232 802 1280 creatus
828 1233 899 1296 erat,
924 1229 983 1290 scd)

106 1357 187 1416 liram
204 1364 290 1434 igitur
306 1365 473 1433 Pelopioai,
492 1364 541 1435 qui
558 1364 616 1418 sola
634 1364 788 1417 imitatione
807 1370 835 1418 et
852 1365 984 1434 exemplo,

58 1300 61 1315 '
106 1304 171 1360 usn,
195 1295 224 1349 id
249 1301 305 1362 est,
334 1302 466 1365 peccator
491 1297 589 1366 genuit
609 1300 796 1365 peccatorem,
823 1295 892 1349 Gen.
915 1301 940 1360 5,
958 1300 984 1348 3.
1046 1349 1048 1354 ,

106 1432 140 1505 tut
152 1447 229 1500 prava
249 1433 387 1486 duntaxat
403 1433 614 1502 consuetudine,
632 1451 688 1487 non
708 1433 829 1486 natiuali
846 1451 983 1504 propaga·
1028 1482 1031 1486 .

106 1498 315 1569 uncpeecatum
327 1501 447 1556 derivari
457 1503 487 1555 in
499 1509 624 1570 posteros
636 1500 820 1555 affirmabant.
839 1504 984 1567 Arlpastin.

58 1544 64 1635 l
106 1560 265 1635 depeream.
284 1571 373 1626 merit.
392 1578 419 1625 et
438 1571 548 1624 remiss..
561 1569 579 1622 1.
602 1576 624 1625 1.
640 1587 662 1622 e.
685 1576 709 1625 9.
730 1575 749 1622 t.
769 1577 791 1624 7.
811 1572 861 1624 001.
878 1577 936 1625 aas.
949 1571 982 1626 Β.

58 1642 62 1691 l
108 1628 181 1690 Vtmm
204 1640 288 1692 aliud
310 1648 363 1706 est,
389 1639 464 1710 quod
488 1640 563 1691 idem
586 1637 672 1691 habet
695 1637 761 1692 ibid.
781 1638 834 1692 Lit.
856 1639 886 1706 C,
910 1643 987 1708 qaod

58 1696 64 1775 Ι
105 1707 228 1774 etapium
245 1715 286 1760 eat
301 1709 444 1761 uoluntate
459 1709 648 1777 peccantibus,
667 1708 751 1760 aliud
762 1711 838 1775 quod
850 1710 929 1774 oripo
948 1717 987 1761 cat

105 1782 148 1822 &m
159 1784 271 1855 peccato
288 1777 474 1844 nascentibus,
486 1781 514 1829 et
528 1775 579 1829 col.
590 1781 648 1830 659.
659 1775 693 1828 Β.
707 1778 926 1843 propapations's
939 1785 987 1844 est,

58 1866 64 1899 r
105 1845 322 1898 anastasiana.
352 1844 478 1899 Infantes
497 1843 633 1914 siquidem
650 1861 706 1897 non
725 1845 849 1913 exemplo
860 1851 986 1914 peccant,

58 1922 60 1957 ÷
105 1906 175 1965 adin
192 1912 316 1993 peccatis
335 1914 531 1983 concipiuntur
547 1918 576 1966 et
593 1917 758 1979 nascuntur,
778 1915 826 1965 Pa.
848 1919 894 1982 51,
917 1919 939 1978 7,
960 1920 988 1967 et

104 1982 150 2030 ant
167 1980 215 2034 filri
235 1981 308 2049 irae,
338 1999 394 2035 non
412 1979 527 2054 μιμήσει
551 1982 675 2048 demum,
702 1981 751 2034 sed
777 1981 862 2050 φύσει
880 1989 988 2050 natura,

58 2086 60 2107 ÷
104 2040 157 2111 Epi
171 2053 197 2118 2,
215 2053 250 2103 3.-
272 2049 307 2105 V.
327 2050 484 2120 Objectum,
503 2049 531 2102 in
550 2051 628 2120 quod
644 2048 792 2112 derivatur,
810 2056 875 2103 sunt
892 2067 987 2104 omnes

104 2105 199 2194 latrinas
218 2118 255 2172 ab
266 2119 377 2173 Adamo
396 2118 603 2185 descendentes,
622 2125 700 2172 etex
716 2117 788 2171 virili
807 2136 905 2183 massa,
923 2136 987 2189 pec·

58 2202 60 2251 ξ
104 2188 142 2236 aa
155 2185 254 2241 semine
272 2187 384 2253 infecta,
402 2187 529 2255 concepti
548 2203 581 2240 ac
599 2187 666 2253 nati,
684 2187 766 2240 Rom.
787 2192 875 2252 312.
892 2188 988 2244 Unum

58 2290 61 2297 ·
103 2251 210 2327 titolum
229 2255 277 2309 hic
296 2255 438 2309 Christum
454 2257 557 2324 excipe,
577 2256 624 2326 qui
638 2255 696 2308 sine
708 2255 781 2308 virili
798 2257 910 2322 semine,
928 2256 990 2326 Spi-

58 2338 61 2351 ·
103 2321 152 2374 ntrs
162 2324 247 2378 sancti
258 2323 371 2392 virtute,
390 2329 541 2393 conceptus
555 2333 597 2377 est
609 2341 642 2376 ex
650 2323 741 2376 Maria
749 2324 865 2394 virgine,
882 2327 985 2380 Mottb.

103 2386 164 2463 1348.
178 2395 271 2461 eth20,
289 2398 323 2446 ut
343 2399 414 2447 osset
432 2392 491 2447 sine
510 2397 633 2462 peccato,
653 2400 814 2462 segregatus
832 2411 850 2447 a
861 2402 990 2464 peccato·

58 2500 60 2513 .
102 2452 164 2532 abus,
178 2462 267 2514 Hclrr.
289 2465 311 2523 7,
329 2464 374 2515 26.
409 2465 520 2516 Errant
537 2461 623 2531 igitur
635 2462 785 2528 pontificii,
804 2462 853 2533 qui
871 2462 990 2517 Mariam

58 2570 61 2591 ,
103 2527 227 2601 basem,
253 2530 411 2585 iohannem
433 2529 587 2599 baptistam
609 2536 637 2583 et
655 2529 805 2584 Jeremiam
824 2532 990 2600 prophetam

103 2603 144 2648 tac
158 2603 268 2667 peccato
295 2598 409 2668 originis
433 2598 594 2669 progenitos
616 2603 757 2666 asserunt,
778 2601 875 2654 concil.
894 2600 990 2656 Bassi.

104 2672 151 2716 lass.
162 2672 199 2722 36.
218 2667 272 2720 vol.
285 2674 309 2722 4.
327 2667 424 2720 concil
439 2685 470 2748 p.
483 2674 542 2734 519,
562 2667 638 2735 quod
658 2667 800 2721 decretum
817 2667 991 2737 publicatum

84 2760 89 2770 ·
104 2733 183 2789 assub
211 2735 315 2803 lumbo,
325 2742 396 2790 teste
402 2737 479 2790 Bscl.
488 2741 512 2790 3.
522 2740 640 2790 sentent.
653 2735 746 2790 dista.
755 2742 862 2805 quaest.
874 2745 894 2789 1.
905 2742 955 2789 art.
966 2743 991 2791 2.

58 2852 60 2861 .
107 2794 167 2855 ibid.
184 2753 291 2861 (ioacil.
316 2821 381 2858 sess.
399 2811 424 2861 6.
450 2821 475 2859 c.
496 2809 538 2858 23.
569 2805 709 2857 Bellorm.
732 2804 780 2857 lib.
798 2811 821 2858 4.
848 2805 883 2856 de
901 2804 994 2857 amiss.

106 2874 157 2929 Κηϊ-
176 2890 197 2926 c.
217 2878 256 2928 15.
283 2880 303 2927 t.
322 2880 346 2928 4.
371 2873 422 2927 col.
440 2879 500 2929 291.
517 2872 552 2926 A.
572 2889 628 2943 seq.
648 2877 677 2927 et
695 2878 750 2926 294.
770 2872 805 2926 A.
822 2873 916 2942 plures
935 2873 990 2928 alii.

58 2924 63 3049 l
107 2931 135 2986 At
149 2936 282 3021 Scriptura
303 2941 337 2996 de
361 2941 414 2995 hoc
434 2958 469 2995 ne
486 2941 540 3010 ypsi
563 2942 648 2997 novit.
684 2940 811 2994 Omnes
831 2948 991 3010 peccatores

108 3012 253 3120 ᾗῡῐῳιιωπ,
263 3012 344 3063 Rom.
360 3014 386 3078 3,
399 3013 444 3064 22.
472 3008 590 3064 Mortem
608 3010 643 3063 ob
661 3017 807 3078 peccatum
825 3010 854 3062 in
872 3027 991 3065 omnes

136 3087 206 3131 mines
215 3071 363 3142 transiisse,
375 3077 505 3146 affirmat,
517 3080 599 3133 Rom.
613 3083 638 3147 6,
652 3084 693 3132 12.
721 3078 837 3133 Solum
850 3078 992 3133 Christum

58 3172 60 3185 ι
112 3139 195 3220 excipit,
211 3148 300 3203 Hebr.
322 3152 343 3216 7,
363 3150 407 3200 26.
436 3147 554 3200 Mariam
573 3146 708 3218 singulari
721 3145 776 3199 Dei
793 3146 938 3218 privilegio
954 3149 992 3203 ab

112 3215 167 3260 ⁰441
187 3216 291 3269 omnino
317 3221 433 3286 peccato
459 3215 610 3269 immunem
631 3215 730 3282 fuisse,
761 3216 836 3336 (prod
859 3217 993 3271 audacter

114 3267 222 3337 valarm.
247 3285 273 3338 d.
290 3284 310 3337 l.
338 3285 390 3338 col.
409 3289 468 3339 291.
487 3284 522 3340 D.
547 3283 725 3354 pronunciat,
753 3301 772 3335 u
793 3282 929 3338 iexstat?
948 3303 994 3340 ex·

805 3371 830 3414 11

1025 3310 1080 3552 t
