2250 3772
323 265 377 329 De
398 266 553 351 decalogo
576 266 643 330 sive
663 267 745 352 lege.
944 266 991 341 ,53

139 426 162 491 8.
189 430 258 510 Quia
280 447 346 499 erat
366 459 441 499 coac
462 439 619 502 ramorum
641 437 750 500 borum
772 448 957 500 statutorum

433 519 632 605 forensium?

127 702 134 718 ,
174 623 267 691 Erant
291 629 319 692 1.
341 629 701 700 nerviconservationis
727 652 764 694 ac
788 629 994 716 gubernatio-

109 723 147 802 φῦ
163 711 281 794 politiae
295 712 495 798 Moysaicae,
516 738 575 800 pro
589 715 662 791 loci,
683 715 835 800 temporis
857 737 893 779 ac
915 736 994 800 gen·

108 795 139 850 ht
156 796 334 861 conditione.

172 879 268 945 Erant
289 883 319 947 2.
339 891 450 966 notae,
478 883 596 966 quibus
616 883 729 970 politia
746 884 842 960 haec,
872 884 906 947 in
929 906 993 966 qua

107 977 139 1021 ex
154 976 228 1030 certa
249 966 347 1052 stirpe
369 967 509 1031 Messias
529 969 708 1033 nasciturus
731 981 808 1047 erat,
830 968 871 1032 ab
891 967 993 1033 omni·

108 1039 154 1109 bus
171 1050 235 1115 aliis
259 1051 410 1137 gentibus
432 1052 672 1118 discerneretur.

123 1209 130 1225 ·
171 1134 267 1200 Erant
285 1137 315 1201 3.
337 1136 453 1213 media,
474 1138 591 1220 quibus
610 1138 745 1203 honesta
759 1137 928 1224 disciplina
943 1158 994 1200 or·

105 1208 163 1280 drne
182 1221 295 1285 decoro
318 1222 541 1289 contineretur.

115 1378 122 1392 Ι
172 1304 269 1370 Erant
290 1305 428 1389 denique
449 1307 479 1372 4.
501 1307 587 1393 typi,
609 1306 724 1391 quibus
746 1306 823 1370 ordo
845 1304 994 1391 spiritua-

105 1376 135 1442 l¹⁸
151 1391 382 1472 gubernationis
401 1391 435 1454 in
456 1414 557 1477 regno
574 1392 694 1460 Christi
715 1391 991 1478 praefiguraretur.

126 1516 149 1584 9.
172 1526 283 1590 Aaron
301 1549 373 1591 vcro
391 1529 468 1612 lepre
489 1528 547 1591 hae
569 1541 633 1591 turn
655 1528 878 1603 cerernom'cles,
898 1537 962 1588 tum

220 1613 367 1696 forentes
387 1623 536 1699 perpetuo
559 1625 647 1675 erant
667 1608 858 1676 duraturae?

170 1716 257 1791 Non:
280 1719 338 1785 sed
358 1730 445 1784 certo
466 1731 590 1785 tantum
609 1732 751 1806 tempore
767 1719 808 1784 ad
822 1719 994 1782 adventum

102 1804 566 1953 11188911ιὲ11Μθεῒεὶειοἱιιοειτιιθηιε
600 1828 664 1889 quo
687 1804 829 1869 exhibito
857 1803 994 1888 abroga-

190 1911 268 1954 erun
282 1939 290 1954 .

144 2019 185 2087 10.
211 2025 320 2088 Proba
341 2026 552 2090 ceremonialee
577 2026 654 2109 lepre
677 2046 740 2086 ecee
761 2021 951 2108 abrepataa?

171 2122 295 2189 Probo:
330 2122 406 2208 quia
436 2127 463 2192 1.
486 2125 581 2208 juxta
609 2122 818 2188 assertionem
845 2122 993 2188 Danielis

102 2197 137 2262 ad
160 2208 325 2274 adventum
354 2206 474 2274 Christi
512 2207 615 2273 hostia
648 2219 680 2272 et
717 2208 907 2272 sacrificium
937 2207 994 2271 de-

103 2278 219 2358 buerunt
240 2316 376 2370 cessare,
397 2296 484 2359 Dan.
504 2296 534 2371 9,
555 2295 606 2370 21,
628 2304 660 2356 et
681 2294 735 2356 lex
756 2317 793 2358 ac
818 2293 992 2379 prophetae

103 2378 248 2456 usquead
269 2378 470 2455 Johannem,
491 2379 605 2445 Mattlz.
629 2379 679 2455 11,
703 2379 751 2443 13.

172 2460 255 2543 Quia
265 2465 295 2530 2.
306 2464 440 2527 umbrae
451 2463 588 2545 filerunt,
598 2462 754 2526 beneficia
766 2461 886 2527 Christi
901 2483 993 2548 prae-

102 2530 272 2626 figurantes,
300 2570 383 2632 quae
412 2548 653 2696 superveniente
680 2568 812 2633 corpore
833 2544 992 2631 (Christo)

102 2636 289 2710 evanuerunt,
313 2635 376 2700 Col.
395 2636 426 2711 2,
468 2634 573 2700 417.

118 2784 146 2806 ·.
173 2714 256 2797 Quia
270 2720 300 2783 3.
315 2717 446 2803 publico
459 2717 597 2803 Spiritus
616 2717 716 2780 sancti
730 2716 857 2779 decreto
873 2715 907 2778 in
918 2737 994 2778 con-

103 2786 193 2865 ⁰¹lloe
215 2802 391 2867 ostolorum
413 2813 486 2866 sunt
503 2802 686 2887 abrogatae,
710 2805 814 2866 Actor.
832 2800 882 2876 15,
896 2801 926 2866 6.
942 2801 992 2865 10.

201 2888 255 2953 uia
276 2888 306 2952 4.
330 2888 437 2964 Deus,
467 2887 609 2951 exhibito
636 2885 781 2961 Christo,
806 2885 878 2970 ipso
908 2884 993 2948 facto

103 2968 211 3036 sustulit
242 2994 354 3037 everso
384 2971 503 3058 templo
540 2969 835 3055 Hierosolymitano
862 2979 893 3032 et
921 2969 993 3032 uni-

104 3059 180 3115 verso
199 3057 375 3122 sacerdotio
397 3068 428 3120 et
450 3057 538 3120 cultu
559 3056 705 3120 Levitico
728 3054 842 3117 deleto.

162 3166 244 3232 (Ratio
258 3181 281 3230 1.
296 3174 449 3229 desumitur
460 3190 478 3228 a
488 3172 647 3230 testimonio
659 3172 752 3227 divino
765 3171 885 3242 duplici,
905 3172 993 3228 altero

105 3230 206 3305 relicto
227 3242 367 3309 Danielis,
396 3243 483 3298 altero
507 3242 667 3297 immediato
691 3240 800 3295 Christi.
837 3246 861 3296 2.
880 3240 927 3295 Ab
946 3241 994 3295 ad-

102 3307 186 3361 juncta
200 3310 422 3368 ceremonialium
435 3310 529 3382 legum
542 3311 685 3382 qualitate,
703 3310 910 3380 comparatione
920 3309 992 3362 sirni-
