2250 3772
125 231 190 297 570
292 226 398 312 Caput
419 229 460 294 V.
504 228 558 293 De
579 249 680 293 ooena
700 228 872 293 dominica

124 404 237 465 rnntnr,
262 396 416 452 seeundum
438 396 618 477 ipsorummet
633 402 755 452 mentem
774 397 894 452 candide
910 401 969 450 sunt
981 411 1015 451 ss·

125 465 272 538 plieanda‚
296 482 352 519 non
375 465 404 518 in
421 465 542 519 ahenum
560 483 672 520 sensum
693 482 744 536 pro
763 465 859 520 lubitu
874 464 1015 521 veoerstoris

124 535 269 591 trahenda.
320 533 436 588 Interim
469 533 649 604 simpliciores
677 534 856 590 meminerint
885 535 929 589 hio
960 533 1017 588 illins

125 606 277 674 Auqastia.
295 620 329 657 ex
346 601 394 656 lib.
412 602 448 657 de
467 602 572 657 haeres.
593 604 629 657 ad
647 603 800 674 quod-vult
817 605 919 673 Deum,
934 600 1016 657 tomi.

124 674 178 729 ool.
197 679 238 727 34.
258 671 292 725 Α.
320 672 447 725 Multam
464 673 650 740 adjuvatam·
662 673 754 740 fidele
774 691 868 741 nosse,
888 673 962 742 quod
975 686 1018 725 ere

126 744 251 797 demam
264 752 321 794 boa
332 741 378 807 sit,
396 740 507 793 etiamsi
520 742 691 822 disputandi
699 743 852 808 facecitate
867 743 902 795 id
913 742 1019 807 resistere

125 810 300 935 afflata
319 808 396 930 sO'i‘
407 808 517 932 miii
532 810 920 933 tiltttumiatmte·
930 814 1020 932 titt

125 956 211 1015 mum,
228 955 336 1000 tantam
356 896 519 1014 sriyiierium
531 955 657 1001 tractare
668 919 703 1001 eb
708 896 880 1001 ieoereaiia
892 896 1019 1011 siphonem,

125 1032 213 1085 eaque
234 1015 379 1069 devotione
397 1023 424 1068 et
443 1015 550 1085 timore,
569 1016 668 1084 qaibrss
686 1024 800 1085 oportet
819 1025 846 1070 et
865 1019 954 1071 deest.
974 1015 1019 1069 Fue

124 1102 177 1145 me,
195 1084 318 1138 Domine
336 1084 409 1137 Jesa
428 1085 554 1153 Christe,
593 1102 625 1139 er
640 1084 765 1153 qratiam
783 1094 865 1138 taam
883 1101 985 1154 semper
997 1083 1021 1136 il·

125 1155 181 1208 lud
196 1155 232 1207 de
249 1161 328 1207 tanto
347 1154 479 1220 mysterio
504 1170 551 1207 ere
575 1171 621 1207 ere
643 1163 668 1206 et
690 1154 872 1223 intelligas-e,
896 1155 1022 1207 sentinet

118 1223 243 1292 firmiter
261 1222 397 1290 retinere,
417 1223 511 1275 disere
527 1230 554 1276 et
571 1223 711 1292 eoyitore,
730 1226 811 1291 quod
826 1224 882 1277 tibi
892 1224 1022 1292 placete

125 1292 238 1362 expedit
257 1292 368 1344 animae
384 1292 488 1360 meaa)

236 1429 302 1494 DE
327 1425 938 1495 TRANSSUBSTANTIATIONE.

165 1549 217 1615 45.
252 1547 392 1626 Quodsi
412 1549 602 1610 strictissime
622 1549 655 1611 ia
675 1549 776 1611 verbis
798 1550 991 1613 institutione

125 1633 164 1699 τὸ
186 1632 285 1720 ῥητὸν
298 1634 501 1707 retinendum,
523 1654 628 1695 onnon
641 1633 712 1694 iude
725 1628 1020 1698 transsubstantiatio

367 1719 603 1800 pontificiorum
625 1717 789 1800 sequetur?

211 1818 343 1882 Minime
364 1820 508 1901 seatium.
540 1815 640 1880 Panis
662 1817 747 1881 enim
768 1840 837 1882 non
854 1814 1021 1883 mutaturin

125 1902 336 1968 substantiam
358 1901 500 1988 corporis
524 1900 654 1977 Christi,
676 1912 712 1965 ut
732 1902 797 1966 sint
818 1927 887 1967 una
907 1900 1022 1967 essentis

126 1990 192 2054 sive
219 1986 397 2052 substantia
404 2011 412 2062 ;
442 1985 499 2049 sed
528 1986 619 2071 panis
647 1997 678 2050 et
707 2009 825 2073 eorpus
845 1989 1020 2053 constituunt

125 2085 248 2138 tantum
270 2096 369 2136 unum
390 2084 631 2136 sacramentum.

194 2173 282 2239 (Hinc
299 2178 418 2226 veteres:
431 2172 520 2239 panis
538 2180 578 2224 est
595 2188 698 2240 eorpus
711 2170 827 2237 Christi,
845 2191 904 2226 aon
939 2168 1021 2226 ausi

124 2251 210 2296 tatem
222 2242 368 2308 essentiae,
385 2242 438 2293 sed
445 2258 501 2308 per
513 2241 648 2293 unitatem
657 2242 839 2293 sacramenti.
868 2241 909 2297 Vi
943 2239 1019 2293 aaa.

125 2311 144 2367 l.
164 2318 188 2365 4.
207 2311 241 2364 de
260 2325 374 2363 sacram.
392 2326 414 2363 o.
437 2315 461 2363 4.
486 2313 506 2362 t.
527 2316 551 2364 4.
577 2328 604 2380 p.
623 2314 682 2364 439.
702 2314 730 2361 et
746 2307 764 2361 l.
785 2316 810 2363 5.
836 2325 860 2363 o.
881 2317 906 2366 4.
931 2328 958 2380 p.
974 2311 1019 2363 442.

128 2379 227 2434 Gelas.
253 2378 315 2431 libr.
345 2378 381 2431 de
408 2377 493 2433 duab.
520 2384 577 2433 nat.
604 2378 634 2431 in
659 2376 788 2431 biblioth.
812 2377 873 2434 Pl'.
898 2385 961 2435 ts.
982 2373 1020 2431 ool

124 2456 176 2505 475
192 2452 280 2519 seqq.)

123 2570 175 2635 46.
193 2569 280 2631 Haeo
292 2579 325 2629 ut
335 2570 447 2632 aeetias
459 2567 634 2649 intelliqaia
650 2565 1021 2631 transsubstantiationem

280 2650 475 2737 pontificiam
499 2651 576 2713 mihi
596 2653 749 2714 describas
771 2651 887 2714 velim?

210 2760 615 2847 Transsubstantiationem
629 2760 738 2824 dicunt
752 2781 825 2824 esso
846 2757 1021 2825 substantia·

123 2848 188 2913 lem
209 2846 515 2922 transmutationem,
538 2868 602 2928 qua
626 2844 868 2909 consecratione
895 2842 1022 2911 sacerdo·

123 2933 165 2996 tis
189 2933 230 2996 ad
251 2932 349 2997 verba
370 2931 465 2995 haee:
495 2933 550 2994 lzoo
573 2942 617 2992 est
639 2954 749 3013 corpas
770 2954 875 2995 meum
882 2981 892 3016 ,
921 2932 968 2993 hie
991 2936 1022 2991 el

123 3020 250 3102 sanquis
271 3039 364 3091 arietis,
387 3015 479 3101 panis
496 3025 527 3079 et
549 3015 614 3078 vini
636 3014 817 3077 substantia
840 3014 1023 3079 essentialiter

122 3112 285 3166 mutentur
319 3101 353 3163 in
384 3099 595 3166 substantiam
628 3098 770 3185 eorporis
805 3111 838 3163 et
873 3094 1020 3185 sanguini

22 3260 27 3273 ι
125 3185 260 3264 Christi,
288 3187 349 3262 ita,
377 3200 412 3251 ut
437 3186 517 3249 nihil
548 3186 587 3250 de
617 3207 699 3269 pane
722 3196 754 3248 et
775 3184 853 3249 vino
879 3192 1020 3271 superstes

123 3282 267 3349 maneat,
290 3293 387 3354 quam
408 3283 539 3357 externa
558 3270 680 3356 speeies
700 3267 933 3347 assidentium,
953 3266 1022 3334 eolo·
