2250 3772
400 237 452 302 De
475 237 638 302 electione.
911 238 976 308 405

90 402 273 475 tionemipsam.
288 404 332 460 Ds'
341 407 524 476 propensione
532 406 604 461 inter
615 404 881 462 nosetCalvinianos
891 424 974 480 quae-

92 472 131 527 stio
148 480 201 542 εει,
224 478 262 528 at·
277 490 309 528 er
377 482 441 529 enta
463 476 608 546 pleraque,
632 491 704 546 quae
723 481 819 530 eontra
837 493 887 530 nos
905 477 972 532 affe-

90 541 171 605 runtl
204 549 288 597 untur
328 544 548 613 epropenrionis
566 550 638 598 astu.
673 544 724 598 Est
746 544 832 615 igitur
849 545 973 600 ineense-

91 626 169 681 qnens:
238 628 271 666 ns
296 611 452 683 aliquorum
469 612 614 666 miseretur
630 629 687 666 non
706 614 840 682 omnium,
863 614 972 685 aliquos

90 692 232 735 menneo
249 681 458 750 praedestinat‚·
476 686 571 749 vooat,
595 679 745 750 justificat,
763 681 901 753 glorificat
919 687 971 736 ets.

89 744 173 803 Eiron
187 764 282 804 omnes
298 749 387 803 voluit
413 750 632 819 praedestinare,
659 766 772 815 vocare,
798 750 972 806 sanctificare

89 818 133 871 ειε,
169 818 313 884 Piscator,
341 817 442 887 disput.
463 823 558 872 eontra
584 817 704 874 Sehafm.
732 818 802 873 thes.
822 825 845 873 6.
875 820 911 873 ad
930 825 970 876 20.

88 899 113 953 p.
127 889 159 939 22.
176 891 214 940 24.
233 891 275 943 25.
295 891 336 940 26.
372 887 478 956 Scopae
495 886 659 941 dissolutae!
688 887 865 942 Antecedens
882 887 974 958 loqui·

87 953 167 1008 turdo
180 960 257 1024 astu,
282 970 452 1026 consequens
472 955 507 1010 de
531 956 721 1026 propensione.
759 962 784 1013 2,
805 957 971 1028 Nessoque

88 1018 137 1075 late
153 1027 222 1091 patet
239 1023 367 1078 voluntas
394 1022 519 1077 salvandi
544 1041 578 1078 eo
600 1024 717 1078 salvatio
733 1025 802 1095 ipsa
843 1030 867 1079 3.
886 1025 972 1081 Nuda

87 1092 115 1143 at
126 1089 226 1162 simplex
243 1092 371 1147 voluntas
397 1109 452 1147 non
472 1099 515 1146 εει
539 1092 661 1147 solitaria
681 1109 764 1148 eausa
781 1093 971 1163 praedestina·

86 1154 163 1222 lionis,
177 1161 350 1242 requiruntur
365 1166 393 1215 et
407 1161 529 1232 reliquae
540 1178 641 1216 causae
653 1166 681 1215 et
694 1162 785 1216 media
799 1168 968 1217 enumerata.

88 1223 258 1282 δὸεεεείεειεεε
285 1231 455 1283 eredendum
482 1237 524 1282 εει
544 1238 627 1298 atque
643 1232 848 1299 profitendum,
875 1233 971 1285 Deam

86 1293 154 1362 ulls,
167 1305 195 1350 at
207 1315 300 1352 omnes
317 1298 442 1351 homines
452 1297 527 1351 salvi
542 1301 612 1364 fiant
621 1307 673 1355 ειε.
700 1301 746 1353 Es
759 1300 858 1368 quibas
875 1307 968 1353 tameo

86 1365 152 1429 quod
164 1367 238 1420 malti
250 1374 375 1436 pereant,
390 1367 566 1435 pereuntium
586 1376 627 1420 εει
642 1369 777 1436 meritam,
795 1370 873 1436 qaod
886 1368 968 1421 malti

86 1428 225 1503 mser,
250 1436 390 1489 εαιεεειίε
413 1443 454 1489 εει
478 1437 594 1504 donam,
620 1437 736 1504 Aspara
762 1437 799 1490 ad
817 1436 894 1493 artie.
914 1435 968 1491 sibi

86 1494 238 1573 fslainpos.
255 1510 307 1559 art
327 1509 351 1560 2.
370 1508 392 1562 ι.
411 1511 435 1559 7.
456 1503 507 1560 eol
528 1509 603 1562 1353.
620 1504 653 1563 B.
686 1505 740 1560 Sed
761 1505 796 1559 de
812 1505 856 1558 his
872 1504 982 1574 infra.)

86 1648 113 1717 ὅ·
142 1653 329 1724 Πεεεοηειεεε
338 1660 484 1743 Iljusta
490 1661 687 1744 propositum
698 1658 762 1724 Dei
775 1658 968 1724 Christum

99 1758 161 1823 pto*
172 1743 301 1807 omnium
323 1745 444 1809 omnino
465 1743 621 1806 hominum
638 1745 772 1826 peccatis
793 1754 948 1808 mortuam

350 1850 411 1892 esse
434 1838 461 1890 ει
483 1826 687 1911 satisfecisse?

155 1942 225 2008 Esa.
247 1945 307 2022 53,
328 1945 358 2010 6.
401 1943 523 2010 Omnes
552 1967 677 2009 eramus
706 1942 787 2008 siout
815 1964 889 2007 oves
919 1963 968 2006 er·

86 2031 186 2127 ξῦξιιεε,
212 2038 243 2093 ει
269 2028 377 2129 poenit
402 2031 491 2094 Deus
517 2053 613 2116 super
638 2029 743 2114 ipsum
771 2025 968 2111 (Christum)

86 2122 245 2191 ωηειιειεε
267 2138 402 2180 omassum
419 2124 573 2180 nostrum.

91 2200 95 2207 ¹
154 2212 221 2280 Jot.
240 2215 269 2291 1,
289 2214 341 2284 29.
384 2216 469 2280 Eoos
491 2238 593 2301 agnus
614 2215 689 2299 Dei,
713 2213 769 2300 qui
789 2213 872 2278 tollit
892 2235 968 2300 peo-

88 2298 144 2357 mla
159 2302 268 2365 mundi.

155 2397 183 2498 1..
198 2400 270 2464 Jot.
292 2401 328 2499 2²
359 2390 399 2466 2.
440 2398 585 2464 Christus
618 2409 667 2463 est
693 2399 877 2499 propitiatio
908 2420 968 2485 pro

87 2493 200 2559 peccatis
227 2495 361 2561 nostns;
388 2505 453 2548 non
479 2497 586 2549 autem
612 2506 671 2569 pro
697 2495 814 2548 nostr1s
835 2495 967 2572 tantum,

87 2560 132 2625 ssd
146 2566 235 2631 etism
254 2589 313 2654 pro
336 2571 427 2633 totius
447 2572 563 2636 mandi.

99 2739 108 2759 .
153 2666 176 2732 1.
196 2668 267 2731 Gor.
290 2668 341 2745 15,
360 2670 411 2736 22.
457 2667 548 2734 Siout
568 2669 602 2732 in
616 2668 743 2732 Adamo
767 2690 876 2732 omnes
897 2690 966 2733 mo·

88 2757 195 2836 huntur,
217 2752 263 2817 ita
285 2752 319 2816 in
342 2750 470 2818 Christo
493 2777 594 2817 ornnes
615 2752 822 2852 sivifioantur.
907 2840 912 2853 Ι

86 2834 326 2986 Μίωθὲζίὅ.
344 2839 392 2904 15.
428 2839 523 2905 Unus
546 2836 724 2939 (Christus)
746 2859 804 2923 pro
828 2838 967 2901 omnebus
1073 2869 1074 2872 ¹

86 3006 174 3152 ὼε
199 2971 328 3072 remiss.
350 3008 381 3086 2,
403 3008 432 3093 o.
477 3005 692 3091 semetipsum
713 3006 801 3070 sess
821 3027 879 3091 pro
902 3027 966 3069 aa

105 3252 110 3267 ‚
148 3142 174 3243 2.
197 3175 326 3242 Ἰῖεεοιι.
347 3176 378 3260 4,
402 3174 450 3242 10.
494 3172 639 3240 Christus
666 3185 714 3240 est
734 3170 882 3240 Salvator
902 3196 967 3237 om-

86 3269 157 3338 nam,
174 3258 311 3325 maxime
332 3280 408 3326 vero
428 3258 579 3326 fidelium.
