2250 3772
106 111 149 177 20
446 109 499 173 De
522 132 547 172 s.
569 121 678 173 sancta

106 281 254 337 moues.
287 277 361 334 vire
378 276 515 332 Bellum.
533 276 550 330 l.
562 282 585 331 3.
604 276 639 331 dc
650 275 718 331 verb
738 276 791 331 Dei
810 294 832 332 a
848 282 871 333 8.
890 277 943 332 col
957 281 1015 333 154.

107 353 140 406 D.
166 345 342 421 Augustinus
366 345 439 400 enim
461 344 584 415 loquitur
611 345 646 399 dc
668 361 699 399 se
718 347 841 400 nondum
867 345 905 400 ad
928 344 1015 401 fidem

106 435 246 486 converso,
264 420 400 488 quatenus
417 412 546 468 nimirum
567 413 659 468 adhuc
671 412 848 470 Manichacus
861 420 947 470 esset:
964 413 1016 469 ubi

125 487 218 542 uidem
235 485 383 556 plurimum
402 482 533 537 ecclesiae
551 483 712 544 autoritate,
739 489 771 537 ut
793 482 937 553 cvangelio
956 498 1015 538 cre·

107 507 200 620 leret,
223 553 388 610 commoveri
410 551 508 621 potuit.
546 552 598 606 Est
625 552 699 606 enim
725 552 841 608 ecclesia
864 551 1015 621 εἰσαγωγὴ,

107 642 163 697 qua
185 624 307 677 nondum
330 620 455 676 conversi
481 620 516 674 ad
540 620 726 675 adhibendam
745 621 904 691 Scripturas
929 619 1016 677 fidem

106 696 314 766 praeparantur.
353 690 404 743 Est
421 688 507 760 igitur
525 689 654 744 elenchus
673 690 825 744 secundum
846 688 929 760 quid:
950 701 1016 743 cum

107 777 203 818 sensus
225 761 271 814 hic
297 759 349 813 sit:
375 758 518 828 evangelio
545 775 600 811 non
628 759 806 813 credidissem
829 758 904 828 (cum
924 757 1016 813 Mani·

106 832 208 886 chaeus
226 832 327 893 essem)
346 827 400 882 nisi
426 844 469 881 me
498 827 630 882 ccclesiae
655 828 791 882 autoritas
813 826 1014 882 commovisset.

105 900 175 958 Vel:
194 914 246 971 ego
265 896 478 950 siManichaeus
496 895 587 950 adlruc
604 912 700 963 essem,
718 891 862 967 evangelio
880 910 938 949 non
956 910 1016 950 crs-

107 970 215 1033 derem,
236 965 289 1021 nisi
307 970 357 1021 etc.
391 963 530 1020 Probatur
553 964 584 1018 id
606 964 697 1035 ipsum
715 983 748 1020 er
766 971 904 1020 contextu.
941 965 1016 1020 Nam

105 1034 336 1110 praecedentibus
355 1034 446 1088 verbis
465 1034 517 1088 ait:
545 1033 623 1095 Quid
639 1041 669 1086 ta
681 1036 800 1102 soreres
818 1033 941 1087 diremi:
958 1051 1016 1087 saon

107 1107 211 1162 ardo?
241 1103 349 1160 Sub‘un
372 1103 405 1157 't:
426 1105 490 1172 Epo
509 1119 574 1156 vero
591 1120 647 1156 eoo
659 1106 799 1157 crederem
809 1105 954 1174 ampetio
964 1113 1016 1159 cto.

109 1175 264 1244 stapleton.
285 1121 319 1226 ll.
344 1121 426 1228 Pili
452 1176 537 1252 contr.
557 1177 580 1226 4.
623 1177 672 1227 ,3.
700 1177 750 1226 art.
771 1177 795 1226 3.
818 1191 846 1243 p.
867 1179 917 1230 483
936 1191 1016 1246 seqq.

106 1244 171 1301 Vid.
191 1244 310 1312 Asperat
323 1258 345 1295 e.
359 1248 382 1295 t.
402 1247 473 1294 cont
488 1245 568 1309 epist.
590 1188 711 1295 liamch.
731 1259 814 1312 quam
831 1248 934 1298 vocant
950 1242 1016 1300 fun*

106 1312 228 1368 (lamenti
244 1319 263 1366 t.
282 1315 307 1366 c.
327 1309 377 1364 col.
399 1314 454 1364 118.
466 1308 495 1364 C.
531 1314 555 1364 2.
573 1308 739 1364 Declaratur
756 1312 808 1366 hoc
828 1315 954 1384 exemplo
966 1314 1017 1371 Sa·

106 1381 270 1444 maritanas,
288 1379 355 1434 Jot.
374 1381 398 1440 l,
418 1380 459 1430 lt.
502 1377 676 1433 Samaritana
699 1381 847 1435 commorit
865 1399 902 1453 po
923 1383 1017 1438 ulares

106 1467 186 1518 sues,
205 1454 238 1502 ut
254 1446 365 1501 Christo
388 1445 544 1500 crederent:
569 1454 597 1502 et
619 1454 713 1503 tamen
731 1449 856 1504 Christus
872 1401 1018 1506 suPfiuiens

106 1523 230 1574 servator
246 1522 306 1572 erat
322 1516 427 1585 absque
440 1514 562 1569 muliere.
597 1517 641 1570 lta
651 1519 724 1572 enim
735 1519 925 1590 Augustinum
939 1530 1016 1576 com·

106 1588 192 1643 movit
218 1583 345 1649 ecclesia,
372 1583 480 1639 etiamsi
503 1584 677 1654 evangelium
701 1587 730 1640 in
754 1606 784 1643 se
807 1587 948 1643 sufficiens
976 1588 1015 1644 ad

105 1657 157 1712 hoc
181 1657 273 1726 ipsum
296 1653 403 1725 absque
424 1651 559 1708 ecclcsiae
576 1654 732 1711 testimonio
750 1663 830 1712 esset.
869 1657 948 1714 Sicut
966 1657 1016 1714 Sa·

105 1725 233 1780 maritari
249 1722 399 1778 credebant
418 1721 527 1776 Christo
545 1738 595 1791 per
612 1724 769 1806 mulierem²
786 1743 820 1780 ac
838 1725 940 1782 deiude
957 1742 1016 1781 crc-

106 1795 211 1849 debaut
240 1792 281 1846 illi
311 1809 361 1861 per
389 1806 432 1844 se:
463 1791 559 1846 eodem
584 1792 666 1846 modo
694 1794 811 1848 credidit
838 1795 1015 1866 Augustinus

107 1862 251 1934 evangelio
268 1877 319 1931 per
337 1859 489 1927 ecclesiam,
509 1859 609 1916 deinde
625 1879 676 1930 per
690 1879 728 1917 se.
764 1863 865 1919 Confer
893 1882 956 1919 cum
970 1864 1015 1918 his

107 1948 149 2002 ea,
167 1949 238 2003 quae
255 1946 340 1999 supra
357 1929 391 1983 de
411 1927 558 1998 Scripturis
576 1931 716 1985 canonicis
734 1932 946 2000 annotavimus.)

127 2102 178 2168 24.
213 2098 276 2163 Sed
295 2123 350 2162 our
373 2099 496 2162 uerbum
517 2098 583 2162 Dei
606 2102 728 2186 scriptia
752 2104 901 2168 traditum
922 2103 988 2170 eat?

189 2228 325 2298 Factum
347 2230 426 2296 illud
447 2245 494 2298 est
523 2235 548 2300 1.
570 2246 701 2321 propter
722 2239 877 2303 humanae
899 2241 1015 2304 mentis

106 2316 307 2384 oblivionem

192 2406 221 2470 a.
243 2403 382 2490 Propter
401 2403 565 2469 hominum
591 2405 625 2469 in
645 2406 734 2472 varia
754 2430 914 2486 errorum,
943 2432 1015 2476 cor-

104 2489 300 2576 ruptelarum
321 2508 358 2552 ac
379 2489 558 2554 haeresium
579 2512 698 2576 genera
718 2494 958 2580 proclivitatem.

189 2574 219 2639 3.
242 2573 381 2660 Propter
407 2572 617 2661 multiplicem
639 2575 777 2643 Satanae
798 2578 832 2642 in
853 2578 1013 2644 fomanus

104 2657 267 2724 hominum
287 2656 448 2724 mentibus
468 2658 658 2729 illusionem.

189 2745 218 2808 4.
233 2743 372 2830 Propter
381 2745 520 2830 danique
530 2745 751 2810 certitudinem
762 2760 792 2812 et
803 2735 1017 2820 securitatem.

252 2911 303 2980 25.
340 2912 509 2980 Furtumne
530 2915 589 2979 hoc
607 2916 673 2982 Dei
690 2914 860 2983 mandato?

190 3046 351 3125 Maxime3
377 3048 474 3133 jussit
500 3049 585 3114 enim
607 3052 635 3120 1.
657 3052 749 3118 Deus
771 3052 932 3139 apostolos
956 3068 1012 3119 ex-

106 3151 215 3218 presse
236 3131 385 3211 scribere,
409 3138 504 3219 Apoc.
528 3132 552 3214 l,
576 3136 752 3216 ll.et14,
776 3140 824 3204 13.
