2250 3772
103 224 169 295 350
238 222 345 310 Caput
365 222 410 287 11.
453 221 507 286 De
528 220 677 307 symbolo
698 220 882 308 apostolico.

105 388 821 539 uttutffittttttttttttt
836 404 940 528 Ἤ

105 530 157 587 sol.
179 536 235 586 167.
253 546 330 609 seqq.
368 530 474 584 Castor.
492 527 624 582 enchirid.
637 544 662 582 c.
676 532 701 582 2.
717 543 784 599 pag.
798 533 839 583 8⁵.
865 526 940 583 Nost

105 599 210 654 suffieit
229 604 251 653 1.
271 598 335 664 drcr,
353 598 402 652 sed
420 614 488 651 esse.
523 596 582 651 Nec
602 595 791 653 audendum
809 594 877 667 qnid
890 594 940 659 fist,

107 668 175 740 quid
192 665 253 721 fieri
270 664 379 720 debeat
418 665 530 719 Dicitur
548 670 572 719 3.
590 665 631 718 ita
650 665 734 718 etism
753 681 772 718 a
789 665 890 719 nostris
907 664 940 719 vet

106 736 229 792 cundum
246 735 368 805 ipsorum
386 735 551 804 opinionem,
568 733 614 788 vel
631 732 743 797 ironice,
760 734 898 804 quomodo
912 738 938 788 ot

105 822 157 860 nos
183 803 346 858 reformatos
372 803 522 857 nominant
562 801 681 855 Etiamsi
702 802 821 856 ecclesia
841 809 932 857 nostru

107 872 209 927 dicitur
238 871 388 938 catohlice,
413 880 507 926 tamen
533 878 575 926 eat
600 870 744 925 catholica.
786 871 861 935 Quia
889 870 940 925 doct

105 948 201 995 nostra
223 946 246 998 t.
262 939 299 994 ab
319 940 449 1008 apostolis
464 942 493 993 in
509 941 638 994 universo
655 941 760 993 mundo
777 945 820 994 est
837 956 940 995 aunuuc

108 1016 134 1065 2.
149 1010 178 1062 A
195 1008 318 1078 cujusvis
337 1009 501 1063 conditionis
516 1008 674 1063 hominibus
692 1014 814 1078 recepta
841 1014 865 1064 3.
880 1008 940 1064 em

109 1076 218 1146 seculis,
236 1076 303 1131 licet
320 1077 417 1147 impari
437 1078 539 1148 gradu,
563 1078 615 1130 sub
638 1077 734 1147 papali
751 1078 847 1147 praeci
868 1084 940 1147 uetp

107 1146 182 1213 uide,
198 1146 347 1216 proposita.
380 1147 533 1202 Universae
545 1146 704 1226 scripturae
716 1163 813 1201 sacrae
832 1096 868 1199 ai
884 1162 940 1199 amu

107 1230 242 1297 congrua.
278 1214 350 1270 Utra
368 1215 454 1285 igitur
475 1215 566 1269 verius
584 1215 690 1269 dicetur
702 1215 861 1269 catholica?
876 1214 940 1269 Pont

106 1284 227 1408 nssffl}
244 1283 386 1419 putpmine
405 1301 434 1338 se
451 1285 575 1354 speciose
592 1283 739 1349 oblectent,
758 1301 809 1338 nos
828 1285 940 1339 nucleuu

105 1370 123 1407 o
184 1370 297 1407 eunus.

40 1512 44 1521 ·
228 1474 278 1535 11.
323 1472 388 1535 Cur
409 1475 522 1535 dicitur
544 1475 672 1555 denique
696 1470 895 1555 apostolica?

121 1615 130 1671 ζ
193 1574 221 1636 1.
244 1571 331 1653 Quia
352 1573 393 1636 ab
416 1572 569 1657 apostolis
596 1572 629 1634 in
650 1571 692 1638 N.
714 1572 753 1637 Τ.
773 1594 833 1671 per
851 1571 940 1671 praed

106 1668 227 1721 t10ne1u
248 1657 406 1743 evangelii
427 1674 474 1721 est
495 1658 637 1743 plantata
661 1667 692 1720 et
713 1657 887 1724 aedrficata.
915 1672 919 1679 '

192 1744 222 1809 2.
241 1740 329 1823 Quia
345 1765 442 1829 super
455 1743 696 1806 fundamentum
712 1740 916 1827 (doctrinam)
934 1764 940 1827 ]

104 1827 272 1980 phetaram
308 1840 338 1891 et
373 1829 590 1913 apostolorum
630 1827 693 1914 ipsi
731 1828 878 1913 angulari
913 1827 940 1890 le

132 1935 189 1978 esu
209 1911 337 1978 Christo
360 1911 598 2000 superstruitur,
624 1913 708 1996 Iapis,
730 1913 762 1989 2,
786 1914 836 1990 19,
856 1934 940 1999 propt

60 2072 64 2081 Ι
106 2009 168 2076 tur,
189 2013 220 2062 et
244 1999 285 2061 ud
305 1998 401 2062 finem
423 1997 521 2062 seculi
543 2012 755 2063 conservatur.

176 2098 269 2163 (Ratio
292 2105 313 2152 l.
334 2097 453 2151 sumitur
470 2114 486 2150 a
503 2113 588 2150 causa
606 2095 744 2151 efficiente
761 2096 926 2159 administra,

107 2165 197 2233 stolis,
216 2166 353 2219 illustrata
371 2183 456 2220 causa
473 2165 683 2231 instrumentali,
704 2165 910 2234 praedicatione
928 2183 940 2221 e

142 2233 179 2285 lii.
214 2239 238 2287 2.
256 2234 285 2286 A
302 2251 388 2287 causa
413 2242 575 2304 procreante
602 2242 630 2287 et
654 2243 845 2303 conservante,
891 2250 938 2288 nae

105 2250 232 2355 iictrina
248 2318 266 2354 a
318 2303 410 2369 tolica,
427 2303 456 2355 in
474 2302 623 2371 Scripturis
636 2302 841 2371 comprehensa.
868 2252 940 2360 &bii

106 2371 205 2435 obstat,
223 2376 247 2424 1.
283 2372 623 2437 or,3,11;Es.25.1o‘.
657 2371 785 2425 Christus
804 2371 877 2426 enim
894 2378 933 2427 est

105 2455 170 2493 cum
187 2438 399 2493 fundamentum
416 2439 515 2492 salutis
526 2454 644 2495 nostrae.
661 2441 727 2510 quia
738 2440 798 2509 ipse
815 2448 858 2495 est
875 2442 940 2495 solus

105 2514 158 2573 tor,
177 2507 252 2561 basia
269 2513 298 2561 et
316 2509 444 2562 meritum
463 2509 561 2562 salutis
576 2516 695 2563 nostrae.
736 2511 866 2579 Apostoli
885 2510 940 2564 dieu

104 2577 317 2631 fundamentum
334 2578 441 2632 ratione
453 2577 594 2631 doctrinae
614 2595 709 2631 eorum
727 2578 763 2631 de
774 2578 893 2647 Christo,
910 2594 940 2650 qn

105 2646 248 2716 sugillatis
266 2645 345 2716 lapis.
375 2646 447 2701 t'ide
459 2648 588 2702 Anauros.
608 2647 638 2699 in
654 2646 761 2716 epistol.
778 2648 816 2701 ad
833 2648 931 2718 Ephss

106 2718 168 2770 ιδ.
187 2732 215 2795 p.
235 2719 295 2770 350.
330 2717 441 2768 Errant
459 2715 513 2771 hic.
532 2717 580 2785 qui
596 2715 777 2785 apostolicum
796 2716 940 2771 dictumve

105 2783 259 2851 eeclesiam,
278 2784 353 2854 quod
371 2784 400 2836 in
411 2783 544 2854 apostolis
558 2783 687 2839 habuerit
704 2784 823 2851 initium,
840 2789 939 2840 Beros

105 2852 181 2906 nusi.
203 2851 221 2905 1.
244 2858 267 2907 1.
289 2869 314 2908 c.
333 2859 357 2907 3.
374 2854 495 2907 conclus.
515 2858 538 2906 2.
555 2869 583 2922 p.
602 2859 642 2909 59.
661 2871 687 2905 n.
707 2858 745 2907 14.
783 2853 903 2922 Stoptct.
918 2870 940 2909 rt

105 2920 222 2990 princip.
239 2919 288 2975 fid.
309 2928 397 2977 contr.
418 2927 442 2976 1.
460 2939 507 2992 qu.
526 2927 550 2976 3.
571 2930 623 2975 art.
640 2929 664 2976 4.
687 2939 715 2991 p.
731 2927 773 2975 53.
797 2924 885 2978 const
902 2929 925 2979 l.

104 2989 179 3043 euim
199 2996 222 3044 1.
235 2990 353 3044 ecclesia
368 2990 561 3060 congemina.
580 2991 629 3044 sed
646 3006 720 3057 una;
745 2996 770 3044 2.
789 3008 877 3046 uuum
893 2988 940 3046 eti

104 3064 147 3112 est
163 3057 375 3113 fundumentum
391 3057 589 3129 prophetarum
606 3070 635 3113 et
650 3058 848 3129 apostolorum,
865 3078 898 3114 su

105 3126 222 3181 ecclmiu
239 3127 401 3187 aedificata,
428 3144 484 3181 non
499 3129 649 3197 geminum.
692 3135 717 3183 3.
735 3126 816 3183 Unus
833 3136 863 3183 et
879 3130 889 3182 i
907 3144 940 3184 en

103 3194 240 3249 Dominus
257 3204 286 3251 et
302 3195 433 3265 Messias,
454 3213 537 3267 quem
557 3196 674 3265 apostoli
694 3204 722 3251 et
741 3213 792 3265 pro
813 3197 894 3253 hetae
911 3197 940 3251 dc

104 3270 180 3333 rung
195 3280 252 3319 non
270 3265 407 3335 geminus.
442 3272 467 3321 4.
488 3265 566 3321 Unus
589 3274 618 3320 et
639 3265 714 3321 idem
731 3283 760 3319 m
798 3284 833 3321 us
855 3268 940 3338 estju
