2250 3772
105 211 166 275 136
343 208 448 295 Caput
469 209 494 274 I.
538 210 590 272 De
613 210 776 305 decalogo.

106 378 140 432 de
158 378 242 432 rebus
261 377 425 430 futilissimis
444 384 472 430 et
489 376 598 446 injuriis
614 376 771 444 levissimis,
788 375 927 430 uleisceud

102 446 208 501 tinacia
225 446 254 499 in
274 445 333 499 foro
351 444 507 515 litigabant.
539 445 628 515 quue
647 451 670 500 2.
689 462 745 498 non
763 444 822 498 sine
839 443 915 514 turpi

104 515 148 568 nis
169 515 310 569 christiani
329 514 444 567 infamia
462 521 491 568 et
507 514 622 567 aliorum
640 513 825 580 offendiculo,
851 528 927 567 eorus

105 584 227 655 gistratu
249 583 362 637 ethnico
388 589 416 637 et
442 582 560 649 infideli3
592 600 655 636 oum
680 583 825 637 arsatius
848 582 927 639 muita

108 669 172 706 suas
191 670 223 706 ex
242 651 355 705 arbitrio
369 650 492 705 fidolium
505 651 533 704 in
548 651 666 704 eeclesia
678 667 842 720 componere
854 652 927 731 potu

106 724 167 777 Nec
185 721 237 775 III.
253 719 379 773 Christus
398 723 471 773 Μαι.
488 724 514 788 5,
532 722 577 772 39.
598 720 724 774 absolute
741 718 888 791 praecipit,
907 736 927 773 u

105 786 223 843 outienii
243 789 358 842 alteram
376 789 518 842 maxillam
529 787 672 858 praebeas,
691 794 719 842 et
738 787 874 843 auferenti
891 788 927 859 p'a

105 858 190 913 etiam
209 857 333 910 tunicam
351 857 505 928 relinquas:
539 855 674 910 Gerhard.
696 857 722 913 d.
741 857 759 912 l.
786 862 810 922 §-
830 861 891 911 278.
909 860 927 912 τ’.

107 932 165 982 974.
190 927 242 979 hoo
266 926 339 980 enim
364 941 416 979 neo
443 926 561 994 ipsemet
582 924 727 995 praestitit,
754 926 821 979 Joa.
841 928 881 994 18,
900 926 927 978 2:

105 995 167 1048 vult
184 1012 296 1048 suorum
313 994 419 1048 animos
436 999 581 1063 tantopere
602 1010 619 1047 a
635 993 783 1048 retaliandi
803 992 927 1074 cupidine

107 1080 157 1117 nos
181 1080 241 1117 esse
261 1063 375 1130 debere,
400 1066 432 1114 ut
458 1062 539 1116 eitius
562 1062 705 1143 duplicare
728 1062 757 1115 in
784 1079 814 1116 se
838 1060 927 1132 mjnri

102 1134 243 1202 jacturam
261 1132 363 1195 velint,
379 1148 462 1202 quam
480 1149 513 1185 ex
530 1131 670 1186 vindictae
688 1129 842 1201 eupiditate
858 1134 926 1201 repe

106 1200 193 1255 Aliud
219 1207 312 1254 autem
339 1205 381 1255 esi
406 1217 436 1253 se
455 1206 482 1254 et
509 1214 561 1252 sua
586 1199 709 1270 legitime
736 1216 827 1253 eoram
852 1199 928 1270 magi

105 1269 188 1338 tueri,
228 1269 283 1322 uod
327 1268 359 1321 iis
383 1268 463 1335 lieet3
499 1267 590 1336 aliud,
616 1267 700 1321 alium
720 1267 843 1335 laedere,
867 1284 927 1339 quo

106 1337 179 1392 lieet.
247 1355 277 1390 eo
294 1336 309 1389 1
339 1337 434 1406 ,quod
454 1336 574 1391 charitas
593 1337 696 1391 delicta
714 1353 730 1390 o
751 1336 810 1400 erit,
823 1339 927 1390 Prooer

107 1409 152 1461 12.
172 1418 198 1460 et
216 1406 310 1459 omnia
331 1405 438 1473 suffert,
463 1408 486 1457 1.
510 1407 574 1460 Cor.
594 1407 637 1473 13,
661 1408 682 1458 7.
743 1407 805 1458 dem
828 1408 851 1468 ἓ.
875 1409 927 1460 181.

107 1491 134 1544 p.
148 1480 206 1529 981,
236 1474 333 1544 operit
349 1474 421 1527 onim
442 1478 469 1527 et
481 1473 579 1527 suffert
595 1491 651 1527 non
663 1473 818 1543 promiscue
849 1473 928 1527 uaeri

107 1559 148 1609 ea,
169 1560 240 1615 quae
257 1556 315 1596 non
332 1547 397 1595 sunt
416 1542 546 1610 enormia,
565 1558 637 1612 quae
654 1542 731 1596 salva
750 1491 898 1663 ᾶίεοίἕἹίιια
916 1558 927 1596 ε

104 1616 165 1665 tate
182 1611 307 1674 tolerari,
331 1611 453 1680 mitigari
475 1616 504 1665 et
526 1611 626 1680 operiri
652 1616 766 1682 queunt.
835 1616 862 1664 st
884 1609 927 1691 igi

108 1680 226 1750 singulis
241 1681 285 1735 his
297 1679 499 1750 argutiuneulis
512 1679 723 1749 anabaptistieis
733 1680 825 1733 fellae.
846 1696 864 1732 a
878 1679 927 1733 dra

107 1748 176 1820 quid
196 1749 232 1802 ad
251 1748 356 1803 dictum
375 1748 553 1817 simpliciter.)

130 1834 180 1898 72.
223 1840 313 1899 Anne
336 1837 428 1898 etiam
449 1856 536 1897 omae
559 1836 683 1907 omnino
703 1835 896 1896 merrdacium
914 1856 927 1917 1

484 1915 638 1993 bibitum?
685 1996 689 2001 ,
731 1924 735 1931 '
918 1978 922 1989 ,

106 2083 110 2090 ,
195 2016 288 2082 Non:
330 2018 417 2083 aliud
446 2018 531 2083 enim
553 2031 603 2081 est
629 2017 830 2083 mendacium
855 2016 927 2081 -illie

107 2102 195 2167 aliud
226 2103 358 2176 linitum.
416 2103 502 2167 Illud
540 2100 670 2166 omnino
703 2102 924 2186 prohibitum.

107 2187 300 2270 quandoque
320 2209 507 2253 eoncessum
528 2199 585 2252 eet.
900 2242 905 2251 .

236 2289 284 2352 73.
336 2289 425 2368 Quod
447 2301 490 2350 esi
509 2291 702 2352 mendacium
723 2286 888 2352 idicitum?

194 2385 292 2467 Quod
312 2388 362 2463 fit,
395 2388 620 2464 dissimulata,
644 2401 755 2452 eontra
783 2388 927 2453 oonsoien

107 2472 249 2548 veritate,
269 2473 318 2536 vel
338 2473 457 2555 injusta
477 2473 614 2536 nocendi
629 2473 802 2551 voluntate,
821 2472 872 2537 vel
887 2473 927 2536 lit

108 2556 293 2634 mentiendi,
314 2569 346 2621 et
367 2557 489 2645 ingenii
510 2557 658 2623 vanitate.

178 2656 299 2723 (Dicitur
318 2657 371 2712 hoe
389 2657 457 2711 alias
476 2675 492 2712 a
510 2657 680 2712 scholasticis
686 2657 888 2737 perniciosum,
908 2674 926 2728 q

107 2726 229 2782 dedecus
266 2726 352 2781 loriae
369 2726 423 2779 Dei
443 2733 470 2781 et
487 2726 603 2796 proximi
620 2725 770 2795 perniciem
788 2725 886 2796 vergit.
924 2772 927 2778 .

107 2798 134 2852 2,
153 2744 266 2850 secund
295 2800 418 2865 qu.110.
446 2801 498 2851 art.
518 2801 541 2849 2.
581 2795 619 2848 Et
637 2795 700 2856 hoe
714 2794 833 2873 proprie
845 2795 927 2849 mend

108 2863 217 2929 dieitur,
237 2865 272 2917 ad
293 2865 409 2936 ejusque
426 2863 652 2919 constitutionem
670 2867 849 2932 requiruntur
866 2861 927 2917 haer

108 2940 182 2989 tuor:
213 2939 246 2987 ut
276 2939 296 2987 1.
321 2931 422 3002 falsum
446 2932 559 3002 aliquod
584 2931 733 3000 proferas5
758 2939 788 2991 2.,
806 2931 917 3000 duplici,

107 3005 206 3057 eontra
230 3000 426 3057 conscientiam
450 3000 581 3070 proferat.
609 3008 634 3056 3.
654 3015 717 3071 eum
742 2999 899 3055 intentione
922 3023 927 3051 ι

108 3068 218 3124 luntate
236 3069 355 3124 nocendi
371 3068 508 3139 proferat,
529 3068 574 3122 vel
593 3075 609 3124 4
634 3068 773 3122 lieernon
785 3066 927 3136 proferat·

107 3144 166 3193 tate
184 3138 310 3206 nocendi,
330 3143 444 3219 propter
468 3137 574 3217 nullam
600 3144 695 3217 pumen
711 3135 855 3216 honestam
866 3139 927 3217 -etj

107 3203 927 3355 iiiiiiiciiidssidssiidiin‘didiiadiffhiiidiii
