2250 3772
280 222 335 291 De
355 223 459 289 earnis
481 221 719 289 resurrectione.
902 222 967 291 387

86 391 239 542 &bitom
277 392 341 458 fide
380 392 642 459 resurrectionem
678 401 877 457 mortuorum
912 415 969 467 ειη

134 500 164 544 o.

130 594 192 663 (Est
208 594 282 651 enim
297 595 461 650 resurrectio
479 594 578 649 rationi
589 593 715 659 ridicula,
733 595 797 652 Aet.
811 596 853 663 17,
866 597 907 649 18.
921 597 967 663 20,
1068 648 1071 653 .

86 677 88 709 =
107 662 228 733 insanio,
246 665 309 720 Art.
331 668 376 733 26,
396 667 440 718 24.
480 662 593 718 Dicitur
609 662 773 718 resurreetio
791 662 871 734 quasi
888 662 969 719 reite·

86 736 120 785 ta
141 733 231 789 statio.
259 731 375 788 Graecis
390 733 492 787 dieitur
504 731 661 801 ἀνάστασις,
679 729 756 803 παρὰ
770 732 800 787 τὸ
813 730 877 792 ἀνὰ,
894 732 970 804 quod

86 801 211 872 mposite
234 800 374 873 significat
394 819 424 857 re
445 807 474 857 et
499 818 620 869 sursum,
646 804 693 854 καὶ
712 804 827 873 tempor
845 806 902 870 sto,
924 800 970 856 oni

86 872 211 937 ponitur
227 870 258 924 τὸ
277 869 307 925 τὸ
324 870 431 926 eadere.
467 869 522 935 Qui
539 869 612 925 enim
630 869 737 934 cecidit,
754 869 866 940 proprie
881 886 971 925 resur·

86 953 123 991 re
153 940 269 1008 diuitum
294 938 360 994 inde
384 958 396 993 s
418 939 541 995 eoioliter
565 937 705 1009 significat
724 954 870 1009 corporum
893 938 971 994 resti-

86 1004 197 1062 tionem
223 1015 344 1063 omorte
367 1025 385 1062 u
421 1008 516 1063 vitum.
554 1006 709 1078 Improprio
732 1012 761 1061 et
783 1006 972 1089 metopirorioe
1079 1020 1087 1043 ⁴

86 1074 181 1131 mitur
196 1094 248 1158 pro
263 1076 455 1158 pesipisoentia
473 1082 502 1131 et
525 1075 712 1156 conversione,
730 1092 803 1147 quuo
820 1076 971 1147 spmtunlis

86 1153 225 1201 tuneono
242 1145 352 1209 dcitur,
373 1145 432 1201 ool.
451 1149 477 1210 3,
497 1149 521 1198 1.
544 1150 573 1199 et
589 1161 688 1215 primu,
704 1145 795 1213 Aper.
814 1148 861 1214 20,
880 1146 925 1214 5.)

86 1282 101 1343 ἶ.
159 1282 222 1347 Sed
242 1306 298 1347 our
319 1283 412 1349 solius
433 1284 534 1347 carrio
556 1282 806 1345 resurrectionem
828 1282 953 1348 eredis?

151 1398 238 1481 Quia
258 1398 353 1477 illud,
385 1399 472 1486 quod
502 1399 631 1477 cecidit,
662 1399 791 1499 proprie
819 1412 973 1466 resonet

86 1485 168 1572 iqui
188 1484 293 1550 solum
314 1507 429 1572 corpus
456 1485 522 1549 sive
544 1507 617 1550 coro
640 1484 764 1550 oeoidrt.
806 1487 847 1551 Ε.
869 1423 974 1552 εοέιω

86 1585 162 1634 am
181 1591 296 1656 corpus
328 1569 394 1636 sive
427 1592 499 1635 coro
528 1580 682 1656 resurget.
733 1571 850 1636 Anima
878 1571 973 1649 enim,

86 1671 128 1713 m
154 1658 192 1720 sit
211 1657 411 1733 immortalis,
432 1659 565 1741 proprie
593 1678 688 1739 reque
709 1657 791 1718 mori
810 1679 905 1741 reque
925 1681 974 1722 re·

86 1755 189 1818 ryere
206 1741 331 1825 poterit.

133 1890 298 1970 Quomodo
315 1894 468 1979 probabis
490 1893 628 1956 animam
651 1913 719 1955 esse
739 1889 975 1958 immortalem?

151 2009 365 2075 Evidentibus
395 2008 579 2095 Scripturae
616 2009 813 2076 testimoniis.
859 2012 973 2077 Mottlr.

86 2084 107 2182 i,
137 2095 202 2160 28:
234 2093 344 2158 Nolite
366 2092 476 2159 timere
498 2118 570 2173 eos,
599 2096 654 2181 qui
681 2094 829 2159 oooidunt
851 2117 977 2182 eorpus,

86 2190 205 2244 umam
227 2191 334 2244 autem
356 2179 499 2245 oooidere
524 2204 590 2245 non
610 2190 752 2266 possunt..

153 2267 271 2330 Eooleo.
294 2264 345 2340 12,
368 2265 406 2328 7:
428 2265 540 2330 Pulvis
560 2272 654 2346 (earo)
676 2264 843 2329 revertitur
860 2265 895 2330 in
915 2276 978 2331 ter·

86 2360 146 2438 up,
166 2349 252 2413 unde
275 2360 362 2426 erat,
384 2347 523 2436 Spiritus
545 2353 673 2428 (animo)
695 2350 782 2414 vadit
804 2351 845 2414 ad
858 2351 977 2431 Deum,

86 2444 123 2507 pn
149 2433 237 2498 dedit
258 2457 339 2498 eum.

155 2520 259 2585 Actor.
281 2521 311 2596 7,
332 2518 394 2584 59:
413 2518 553 2584 Domine
572 2521 664 2597 Jesu,
686 2519 811 2606 suscipe
834 2519 981 2605 spiritum

86 2614 183 2668 mum.

141 2721 230 2787 (Idem
276 2720 391 2775 robatur
409 2724 468 2791 spor
494 2721 720 2792 consequentiam
749 2740 783 2777 ex
811 2722 878 2776 loeis
912 2723 981 2778 aliis.

89 2780 166 2843 Maro.
184 2795 228 2858 12,
270 2795 301 2844 7.·
321 2789 473 2855 Douspnon
491 2796 534 2844 est
544 2790 622 2844 Dous
640 2798 819 2858 mortuorum,
837 2791 886 2846 sed
906 2791 982 2847 vivo·

88 2864 143 2931 ξιιμ.
176 2858 266 2928 Atqui
282 2857 361 2912 Deus
382 2864 424 2912 est
441 2858 517 2913 Deus
535 2858 704 2928 Abrohumi,
722 2859 812 2913 Issaei
831 2866 859 2914 et
873 2859 981 2929 Jooobi,

90 2915 142 2979 tbld.
176 2926 208 2981 E.
227 2926 381 2994 Abraham,
399 2927 481 2981 Isaac
502 2933 554 2983 eto.
571 2928 677 2983 vivunt.
703 2927 736 2981 Ε.
755 2928 908 2983 seeundum
924 2930 983 2983 uni·

89 2999 153 3049 mam.
188 2998 259 3049 Loo.
281 2999 327 3064 23,
344 2999 397 3049 43.-
420 2995 545 3050 Christus
562 2996 632 3050 dicit
647 2996 758 3050 latroni:
778 2997 861 3052 hodie
875 3015 983 3053 meeum

87 3058 131 3131 §lis
146 3062 173 3117 in
194 3063 339 3118 Paradiso.
373 3063 413 3119 At
433 3065 620 3135 corporeillio
638 3082 770 3119 essenon
789 3066 895 3135 potuit,
917 3067 984 3148 quio

87 3135 112 3182 lo
126 3146 202 3187 ornoe
219 3133 364 3204 pependit,
387 3138 512 3187 mortuus
536 3140 564 3189 et
585 3134 709 3202 sepultus
733 3133 795 3187 fuit.
830 3134 863 3187 Ε.
883 3152 984 3190 ammo„

86 3186 122 3253 tio
140 3201 247 3256 animae
270 3209 424 3272 martyrum
447 3202 577 3256 dicuntur
601 3209 729 3273 expetere
749 3202 900 3260 vindictam
923 3222 985 3260 sun·

86 3268 164 3333 trinis
189 3270 296 3335 aDoo,
316 3272 406 3340 Apro.
427 3274 456 3334 6,
480 3275 526 3328 20.
566 3274 628 3326 Neo
653 3272 743 3324 obstat
766 3273 985 3341 Ecclee.3,19.

780 3366 808 3409 ἲ.)

1002 3374 1048 3548 r
