2250 3772
104 239 168 307 380
240 235 348 321 Caput
366 234 409 299 Π.
453 235 506 299 De
527 233 675 319 symbolo
696 233 880 319 apostolioo.

125 406 176 471 12·
209 405 433 552 &mmm
454 404 637 551 scriptione
664 404 974 506 testimont‘a3,··qpsbat

99 493 231 576 probet,
329 510 409 552 anam
430 487 499 552 sola
543 487 583 553 da
609 510 715 553 aarum
735 490 808 554 Das
828 490 974 574 ,uastam

190 591 284 655 Rom.
305 591 342 666 3,
363 589 424 655 28:
457 588 650 653 arbitramur
668 588 834 655 hominem
847 586 974 674 justifies

101 699 163 762 por·
173 676 288 764 fldem,
311 677 375 740 aine
395 674 546 760 operibus
566 672 659 759 legis.

192 769 285 832 Rom,
305 767 344 845 4,
365 766 403 832 b:
434 766 464 832 ei
484 766 541 851 qui
562 788 627 831 non
650 779 818 857 operatur,
840 766 896 833 sed
913 765 974 833 oret

106 851 141 916 in
162 874 249 929 eum,
278 851 333 936 qui
350 851 505 935 justificat
526 850 677 939 impium,
700 852 780 917 fides
800 874 861 917 sua
880 850 974 939 imputa

106 947 159 1000 tur
179 937 220 1000 ad
236 935 404 1021 justitiam.

197 1028 266 1095 Gar
292 1030 331 1106 2,
363 1030 418 1094 16:
451 1029 586 1094 seientes
617 1029 704 1114 quod
730 1051 798 1094 non
833 1031 841 1046 ⁸
881 1029 974 1095 titan

106 1114 202 1179 homo
224 1137 263 1178 ex
278 1113 429 1199 operibus
448 1114 540 1200 legis,
561 1117 622 1179 nisi
636 1136 695 1199 per
706 1114 806 1197 fidem
851 1136 906 1180 esu
920 1112 974 1181 cln

108 1199 163 1276 sti,
186 1209 217 1263 et
239 1221 297 1264 nos
316 1199 350 1263 in
363 1200 479 1266 Jesum
495 1198 658 1263 Christum
679 1198 849 1279 credimus,
870 1209 906 1265 ut
918 1199 974 1284 jnt

107 1284 239 1350 ficemur
264 1308 301 1349 eo
318 1286 387 1370 fide
409 1282 545 1361 Christi,
568 1294 599 1348 et
620 1306 685 1348 non
707 1290 747 1348 ex
770 1284 928 1373 operibus.

192 1378 276 1461 Epis.
296 1377 328 1453 2,
349 1377 385 1442 8:
423 1377 526 1463 gratia
547 1376 660 1441 salvati
679 1376 754 1440 estis
770 1402 833 1461 per
843 1382 974 1465 fiderat

107 1461 167 1525 hoo
188 1482 253 1524 non
274 1482 314 1524 ex
331 1461 434 1539 vobis,
455 1462 520 1526 Dei
539 1463 659 1527 donum
680 1472 736 1528 est
788 1484 797 1499 ¹

176 1577 267 1647 (Cous.
286 1578 366 1633 Rom.
387 1582 419 1648 3,
438 1583 494 1633 22:
518 1579 634 1635 ,Iustitia
651 1578 706 1633 Dei
728 1595 779 1648 por
798 1577 896 1646 fidem,
919 1580 974 1633 v-ii

107 1664 179 1719 quse
199 1652 242 1701 est
259 1663 293 1701 ex
308 1645 377 1712 fide,
402 1654 432 1703 et
454 1665 478 1702 o.
496 1656 526 1717 4,
546 1656 575 1704 3:
606 1646 731 1703 Credidit
748 1646 893 1703 Abraham
909 1648 974 1703 oto¹

107 1734 132 1771 v.
153 1720 197 1772 16:
221 1716 284 1770 ideo
309 1733 343 1771 ex
360 1715 429 1786 fide,
461 1717 565 1772 ΟΜ
590 1721 633 1771 19.
651 1719 702 1768 21:
730 1715 877 1796 promissio
898 1710 974 1771 oxii

107 1784 250 1851 Quomodo
267 1783 418 1855 Abraham,
436 1786 535 1855 David,
548 1758 654 1849 fisains,
665 1784 768 1840 Daniel
778 1791 809 1839 et
818 1800 913 1841 omnes
922 1796 974 1859 sm

103 1853 258 1926 justificati,
276 1855 339 1909 Art.
357 1859 401 1923 15,
420 1858 454 1907 11
458 1876 469 1922 ,·
485 1857 567 1909 Rota.
589 1860 613 1922 4,
633 1857 676 1908 24.
713 1853 778 1908 Huc
797 1853 905 1907 faciunt
921 1866 974 1907 omn

105 1929 300 2047 ttttt’ta
317 1922 740 2046 titutttttttmttitta
770 1922 974 2045 “iiiiii

105 2071 177 2127 star,
204 2061 279 2131 quon
306 2059 376 2115 fines
401 2066 444 2115 est
469 2033 602 2131 quassi,
627 2066 655 2115 et
683 2060 797 2130 quidem
822 2055 974 2128 inausa

105 2130 245 2183 Bellarm.
271 2129 318 2184 lib.
346 2137 367 2183 1.
399 2129 434 2184 de
457 2136 527 2200 grat.
552 2137 580 2184 et
601 2129 649 2183 lib.
674 2128 754 2183 arbit
781 2134 848 2184 eu
872 2134 930 2183 tt.
951 2140 974 2179 ot

106 2204 166 2253 487.
183 2197 217 2253 Β.
262 2197 326 2251 Non
351 2198 424 2252 enim
445 2196 596 2268 justificat,
630 2205 651 2253 1.
676 2204 709 2251 ut
736 2203 778 2251 est
804 2197 932 2268 qualitas,
955 2210 974 2247 n

106 2265 168 2319 titia
187 2265 316 2319 nimirum
334 2266 362 2319 in
379 2274 484 2336 mente,
500 2273 528 2320 et
546 2282 674 2321 assensus
691 2266 722 2319 in
739 2265 897 2333 voluntate,
920 2276 974 2333 utut

106 2340 130 2390 2.
149 2341 285 2403 quatenus
302 2339 345 2388 est
361 2335 487 2405 ἐνέργεια
504 2352 553 2390 seu
571 2334 703 2405 operatio,
720 2333 774 2388 hoe
791 2340 843 2399 est,
864 2350 918 2389 non
930 2338 974 2387 aas

105 2403 165 2473 ipse
183 2402 410 2471 apprehensionis
431 2404 476 2458 vel
501 2405 563 2474 ipsa
581 2402 763 2474 apprehensio
783 2402 926 2473 justificat
956 2396 974 2455 ff

107 2471 179 2527 enim
197 2476 241 2526 sst
256 2471 365 2526 infirma
382 2479 409 2527 et
428 2472 604 2554 imperfecta,
628 2480 650 2528 2.
670 2477 821 2541 praecepta
844 2488 863 2525 a
887 2467 974 2525 nonin

105 2541 224 2610 ideoque
243 2546 267 2594 ³.
285 2556 340 2594 non
358 2541 510 2608 meritona3
533 2542 583 2595 sed
600 2547 710 2595 tantum
729 2539 869 2610 justifiam
887 2547 908 2596 1.
923 2537 974 2595 reid

106 2616 134 2665 et
153 2609 445 2689 organicepuatenus
457 2609 598 2665 Christum
613 2609 735 2691 respicit,
753 2610 873 2680 ejusque
884 2605 974 2665 obsito

104 2678 173 2733 tiam
191 2683 220 2731 et
232 2679 387 2799 p'lustitiam,
414 2696 470 2803 (psa
488 2679 546 2733 sola
562 2677 760 2749 justificamur,
781 2674 974 2748 apprehendit

105 2747 158 2802 sibi
175 2763 230 2816 app
244 2747 306 2801 'cat
342 2746 403 2810 Quo
441 2766 477 2803 ne
494 2750 634 2802 Latberm
651 2764 726 2816 supr.
744 2763 768 2800 o.
788 2752 812 2802 3.
829 2746 868 2800 ad
879 2745 936 2801 Ga
946 2748 974 2799 ν

104 2816 167 2873 Jon.
185 2815 232 2869 lat
251 2814 271 2869 f.
287 2820 328 2870 85.
339 2815 365 2869 b.
385 2816 510 2870 nominat
525 2817 701 2882 abstractam,
719 2814 832 2879 nudam,
852 2813 974 2885 simplior

104 2885 163 2940 sivs
180 2883 344 2949 absolutam,
361 2892 489 2955 respectu
507 2903 637 2956 operum3
656 2884 729 2939 sieut
746 2889 885 2951 concreta,
903 2892 974 3005 stup:

104 2953 167 3020 sita,
184 2954 337 3021 incarnata,
356 2953 413 3008 sive
430 2955 520 3009 relata
539 2954 640 3007 dieitur
656 2957 785 3033 respectu
805 2950 915 3008 Christi

104 3024 196 3077 obstat
215 3027 237 3077 2.
251 3022 326 3093 qnod
343 3021 459 3076 totidem
476 3041 489 3076 s
510 3023 591 3077 llabis
610 3022 639 3075 in
652 3021 802 3091 seripturis
821 3037 877 3075 non
897 3017 974 3075 disits!

104 3090 164 3146 sols
180 3089 250 3145 fides
271 3090 410 3145 ‘ustificat
436 3092 481 3144 Be
494 3093 606 3147 latmia.
631 3090 678 3144 lib.
704 3098 725 3146 1.
752 3090 788 3145 de
811 3088 902 3161 justif.
921 3104 942 3144 o.
958 3088 974 3139 t

103 3165 171 3214 tom,
187 3164 212 3214 4.
230 3175 282 3216 oo.
303 3165 360 3215 860,
376 3160 411 3212 Ι).
442 3159 589 3216 Habentur
608 3159 680 3214 enim
699 3158 781 3229 aequi
802 3158 925 3215 ollentes:
940 3164 974 3225 μ

104 3225 148 3294 tis,
167 3227 266 3297 gratia,
285 3227 345 3282 sine
362 3227 500 3298 operibus,
518 3247 574 3284 non
590 3228 650 3284 nisi.
681 3227 754 3282 Item
834 3231 883 3295 .8,
903 3227 974 3289 6οΜ

104 3296 163 3350 lum
179 3295 224 3350 vel
238 3303 346 3349 tantum
367 3297 458 3354 erede.
493 3296 539 3354 sic
556 3299 637 3352 Rom.
655 3300 679 3364 4,
696 3300 714 3350 5
731 3296 761 3350 iu
777 3294 932 3367 paraphrasi
946 3288 974 3357 fl!
