2250 3772
57 330 69 351 Ο
102 243 169 309 582
275 241 382 329 Caput
403 245 446 311 V.
489 244 543 308 De
565 232 667 309 coena
686 242 860 308 dominica

105 414 170 479 tiae
191 434 229 478 ac
243 413 389 479 remissio
405 424 610 499 peccatorum
629 412 815 477 salutariter
833 436 854 477 a
867 411 957 478 nobis
968 434 1011 479 re·

106 498 400 648 lllln‘t'lllque
421 490 936 649 lllfifflllledelllffl
954 497 1011 565 “¹¹¹⁰

106 606 431 753 meirtirriequallliilard
450 605 594 754 perdpid
614 606 626 646 1
647 630 657 661 ⁹
715 605 733 648 θ
919 605 1012 649 m

176 788 307 855 (mrumst
325 785 412 856 igitur
428 785 583 855 pontificii,
602 783 650 857 qni
668 800 785 841 coenam
802 801 876 839 exo
897 801 942 841 ere
958 798 1013 855 opt·

104 860 168 935 rate
185 854 306 926 gratiam
324 860 353 909 et
370 854 487 909 salutem
503 853 629 908 conferre
653 853 755 908 docent
771 857 827 935 etc.
894 853 933 911 sd.
943 860 1013 909 'com

111 925 239 977 Tredent.
265 939 331 1004 sess.
350 929 373 978 7.
402 923 504 979 decret.
523 922 560 977 de
577 928 742 978 sacrament
768 939 800 976 m
825 938 895 994 gen
908 926 1013 1003 *oms

110 992 252 1048 Bellcrm.
272 991 322 1047 hb.
340 997 364 1047 2.
384 991 548 1048 desserant
567 1008 592 1046 e.
605 997 630 1047 3.
643 998 668 1047 4.
688 996 747 1046 5.θ.
765 996 790 1046 7.
809 995 832 1045 t.
844 997 872 1048 3.
891 991 942 1046 ccl
953 990 1012 1055 tte.)

178 1129 230 1194 67.
278 1127 354 1207 Quis
375 1133 479 1215 itaque
500 1134 596 1194 utitur
616 1140 812 1193 sacramento
834 1127 953 1213 dique?

192 1230 348 1313 Jejunare
369 1241 402 1295 et
422 1252 539 1316 corpus
562 1251 657 1294 suum
671 1250 868 1316 praeparare
890 1238 939 1295 est
951 1226 1013 1315 qui-

110 1313 186 1379 dem
207 1315 292 1380 bona
313 1327 345 1380 et
366 1327 497 1381 externa
520 1313 709 1400 disciplina,
739 1324 774 1378 at
802 1313 861 1378 ille
880 1324 929 1379 est
950 1332 1013 1379 vere

43 1428 47 1435 ¹
108 1399 226 1486 dignus
248 1411 280 1464 et
301 1401 402 1487 probe
422 1414 563 1489 paratus,
584 1399 641 1484 qui
662 1398 759 1464 fidem
780 1398 882 1464 habet
895 1399 930 1464 in
945 1398 1014 1463 haec

107 1485 225 1549 verba:
254 1487 325 1549 Pro
352 1488 436 1550 vodis
455 1490 550 1550 datur
570 1499 597 1549 et
625 1486 794 1634 effunditur
814 1486 850 1549 in
871 1486 1013 1549 rassae

107 1592 177 1633 nem
222 1583 400 1638 erectorem.
444 1568 512 1651 Qui
538 1590 613 1634 vero
656 1568 683 1632 is
705 1566 813 1634 verbis
834 1591 905 1634 non
924 1565 1012 1633 credit
1055 1638 1058 1647 ,

108 1664 165 1718 aut
185 1594 319 1732 dirbitat,
340 1655 395 1719 ille
410 1665 458 1721 est
472 1654 633 1741 indignus,
655 1675 693 1718 ac
712 1653 903 1740 imparatus.
935 1650 1012 1735 Quis

106 1738 168 1888 goe
189 1740 332 1831 verbum,
349 1764 412 1826 pro
430 1743 525 1818 votis,
548 1738 681 1825 requirit
695 1738 826 1804 omnino
844 1738 943 1805 corda
954 1758 1012 1803 cre-

129 1824 222 1890 entia.

324 1979 375 2043 68.
422 1975 485 2056 Qui
505 1988 575 2040 sunt
597 1999 668 2061 erqo
689 1975 801 2061 diqni?

193 2077 247 2142 Illi
268 2091 342 2143 sunt
363 2100 437 2145 vere
458 2077 548 2163 digni
570 2099 608 2143 ac
624 2078 725 2163 probe
739 2075 857 2161 parati,
880 2075 937 2161 qui
948 2094 1011 2137 ver·

107 2161 157 2225 bis
179 2163 263 2226 illis:
295 2166 364 2227 Pro
385 2167 470 2228 vobis
490 2167 583 2227 datur
610 2175 639 2226 et
665 2164 833 2249 effunditur
862 2163 897 2227 in
918 2160 1010 2226 remis·

108 2250 222 2310 sicum
243 2262 451 2330 peccatorum,
479 2248 627 2323 credunt,
658 2268 796 2330 veraque
823 2245 891 2312 lide
917 2241 1011 2312 omnis

108 2329 170 2394 sibi
194 2331 347 2396 beneficia
369 2331 489 2397 Christi
510 2332 680 2397 salubriter
700 2330 874 2418 applicant

109 2484 159 2549 69.
207 2483 297 2563 Quod
317 2488 345 2549 si
356 2487 501 2569 jejunare
522 2510 558 2550 ac
579 2509 692 2571 corpus
718 2507 809 2547 sctum
821 2502 1011 2570 praeparare

107 2571 186 2634 nillil
206 2574 250 2635 ad
270 2572 448 2655 dictitatem
470 2573 572 2656 efficit,
595 2572 710 2634 licitum
730 2571 838 2652 utique
854 2574 915 2634 erit
928 2569 1010 2655 prim

136 2659 295 2742 prandere
317 2668 344 2721 ct
364 2678 501 2731 coenare,
524 2658 682 2804 qffimtad
701 2676 840 2717 mensam
856 2653 987 2718 Domini

477 2763 546 2804 acce
583 2762 635 2803 rc.

195 2841 248 2907 De
271 2864 310 2906 eo
333 2839 463 2924 quidem
482 2839 605 2904 nullum
624 2840 778 2904 habemus
807 2839 842 2903 in
864 2841 1011 2927 scriptura

109 2927 310 3005 mandatum,
337 2948 401 3009 quo
431 2925 482 2990 vel
533 2937 715 3012 raeceptum
742 2923 794 2988 vel
822 2925 1010 3010 prohibitum

109 3015 171 3092 sit,
193 3013 227 3077 in
248 3036 283 3078 se
304 3011 403 3098 igitur
422 3009 490 3074 indi
516 3033 617 3088 erens,
640 3022 671 3075 et
692 3019 861 3096 peccatum
883 3017 1008 3075 nonest

109 3098 243 3165 Interim
265 3108 371 3162 tamen
399 3107 531 3182 propter
557 3107 719 3160 externam
741 3093 946 3181 disciplinam
970 3091 1008 3157 nil

108 3197 237 3261 temere,
265 3183 355 3247 nulla
376 3192 510 3267 urgente
537 3181 735 3255 necessitate,
761 3199 838 3244 cum
868 3177 1008 3246 scandalo

107 3268 295 3358 praesertim
315 3268 512 3332 infirmorum
532 3266 584 3331 hic
604 3276 653 3331 est
674 3264 917 3332 immutandum.
