2250 3772
257 241 309 307 De
330 241 536 307 sacramentis
551 243 585 306 in
599 265 725 330 genere.
891 242 960 320 485.

113 410 271 498 Nunquid
294 423 322 476 et
346 411 426 476 fides
452 415 496 477 acl
512 414 652 497 formam
670 415 731 477 siue
752 415 958 480 substantiam

269 509 531 563 suerarneatorum
552 496 743 582 requiritur?

130 597 227 664 Frui
251 596 293 661 ad
314 597 556 662 substantialem
582 599 771 664 sacramenti
790 598 958 685 integrita-

72 704 111 746 =m
141 703 207 746 non
239 682 390 768 pertinet,
421 682 478 747 sed
506 683 548 747 ad
577 682 747 749 salutarem
767 683 955 750 sacramenti

72 789 144 832 nem
163 767 231 832 sive
252 790 355 852 usum,
374 768 430 852 qui
450 778 498 832 est
517 768 674 854 gratuitae
687 782 891 854 peccatorum
905 791 957 834 re·

72 851 206 919 issionis
228 852 398 940 applicatio
421 863 453 917 et
473 853 664 939 obsignatio.

112 969 366 1042 (Quemadmodum
387 969 460 1023 enim
485 969 544 1025 sine
566 969 623 1025 fide
644 969 775 1036 ministri,
802 970 843 1025 ita
870 971 954 1027 etiam

72 1057 105 1096 ne
129 1039 187 1094 fids
213 1038 346 1094 sumentis
377 1045 581 1094 sacramentum
606 1039 748 1110 integrum
771 1047 863 1110 potest
886 1056 955 1108 esse,

72 1108 173 1164 mmris
188 1124 244 1162 non
261 1107 350 1177 possit
366 1107 505 1177 prodesse.
542 1110 654 1162 Erraut
677 1109 765 1188 igitur
783 1108 956 1170 Caluiaiuui,

72 1177 197 1233 rifidem
214 1177 331 1231 formam
350 1176 514 1231 sacramenti
538 1174 662 1247 fingunt,
686 1178 804 1247 ideoque
827 1175 955 1232 infideles

72 1265 102 1302 m
120 1251 302 1314 sacramenta,
328 1246 377 1299 sed
402 1244 480 1299 nuda
504 1245 640 1299 duntaxat
663 1245 799 1301 elementa
827 1246 955 1316 accipere

72 1321 182 1371 serunt.
210 1315 356 1368 Kerkerm.
373 1313 391 1367 l.
402 1318 426 1367 3.
445 1318 558 1383 system.
576 1313 659 1368 theol.
677 1331 703 1374 c.
718 1322 741 1369 tt.
759 1331 786 1385 p.
800 1320 859 1371 378.
896 1315 952 1366 Ρο-

72 1403 103 1440 ut.
124 1384 144 1438 l.
163 1388 189 1438 6.
208 1388 318 1454 syntag.
336 1381 421 1439 theol.
437 1398 461 1436 c.
472 1388 513 1438 49.
552 1388 629 1437 ,490Ι
642 1381 676 1438 Gr.
713 1383 803 1436 Ursiu.
823 1381 951 1454 explicat.

72 1452 154 1509 ttech.
174 1456 232 1507 485.
265 1451 336 1506 Cum
358 1455 453 1505 tamen
479 1457 500 1506 1.
519 1400 589 1505 tiiies
606 1452 739 1506 sumentis
757 1467 809 1507 nec
827 1453 876 1507 det
893 1467 954 1506 esse
978 1519 979 1522 Ἴ

72 1526 234 1584 eramento,
260 1536 312 1574 nec
341 1525 366 1574 2.
389 1536 453 1574 cum
477 1526 648 1575 sacramento
674 1526 706 1574 ut
726 1521 817 1575 forma
842 1537 906 1574 cum
922 1537 953 1574 re

72 1595 165 1645 rmata
186 1589 376 1660 ingeneretur,
402 1605 455 1643 nec
478 1594 503 1644 3.
521 1593 725 1644 sacramentum
752 1589 790 1644 ab
807 1589 894 1644 altero
912 1588 955 1642 di-

72 1659 184 1740 lngnat,
201 1675 254 1713 nec
271 1664 295 1712 4.
313 1656 527 1712 ininstitutione
545 1657 640 1711 divina
650 1657 769 1728 alicujus
787 1656 952 1713 sacramenti

72 1733 229 1800 primatum
256 1725 306 1781 sed
327 1731 479 1795 aspectet
501 1731 610 1780 tantum
634 1727 670 1780 ad
696 1727 846 1781 salutarem
870 1726 955 1781 finem

88 1814 172 1852 nsum
192 1795 370 1863 sacramenti,
388 1799 417 1848 et
436 1800 459 1849 6.
478 1795 656 1851 sacramentis
672 1794 862 1864 confirmetur,
883 1799 913 1850 et
929 1801 954 1851 7.

83 1866 193 1937 absque
208 1863 266 1919 fide
283 1863 391 1917 nullum
408 1861 445 1917 sit
463 1869 680 1932 sacramentum,
702 1864 751 1917 sed
775 1880 880 1918 merum
900 1863 955 1918 ele·

72 1939 184 2001 antam,
210 1938 371 2004 sequeretur
393 1931 566 2012 hypocritam
594 1932 734 1999 adultum,
764 1932 788 1986 si
815 1933 875 1986 sine
894 1930 959 1986 fide,

72 2003 213 2074 epuratur,
232 2017 289 2055 non
303 1999 446 2069 baptisari,
463 2001 548 2067 etsie,
566 2001 590 2054 si
607 2000 762 2122 resipuerit,
780 2000 952 2071 rebaptism-

72 2090 120 2127 un.
158 2070 316 2126 Absonuml
350 2069 428 2125 Bene
444 2070 564 2135 Aupust.
582 2069 600 2125 l.
612 2075 635 2124 3.
677 2069 950 2139 ebaptismoc.14.

72 2147 132 2197 urtr.
160 2139 298 2194 Donatist.
324 2142 389 2192 tom.
409 2144 433 2194 7.
459 2137 510 2193 coi
527 2144 586 2194 407.
599 2138 636 2191 D.
679 2139 740 2192 Nec
758 2139 886 2206 interest,
912 2137 954 2191 in·

72 2211 117 2280 rit,
140 2226 203 2262 cum
217 2210 253 2262 de
269 2206 441 2260 sacramenti
461 2207 622 2275 iutayritats
638 2213 666 2260 et
685 2208 834 2261 autoritate
851 2213 955 2260 tracta-

72 2298 104 2344 ν,
128 2277 200 2348 quta
222 2277 321 2330 aedat
342 2283 369 2329 et
386 2276 468 2344 quali
479 2277 541 2345 fide
560 2277 680 2329 imbutus
696 2274 733 2329 sit
752 2276 815 2340 itte,
838 2277 888 2344 qui
909 2293 954 2328 sa·

72 2354 217 2402 amentum
240 2343 353 2413 erupit.
396 2345 517 2397 Interest
539 2345 652 2413 quidem
668 2345 825 2414 plurimum
850 2347 892 2399 ad
908 2362 954 2398 sa-

72 2416 112 2470 sta
130 2416 214 2480 uam,
231 2415 284 2467 sed
299 2415 340 2466 ad
355 2414 526 2467 cauimus·
541 2415 732 2482 pausatione-m
749 2414 822 2468 uiuit
833 2415 955 2468 intereat.

72 2485 125 2539 ieri
143 2484 216 2538 erim
223 2489 325 2553 potest,
342 2489 373 2534 ut
385 2481 466 2535 homo
477 2480 616 2550 iuteyrum
632 2483 733 2536 tabeat
748 2490 957 2536 sauauuutum

85 2568 252 2624 pervasam
268 2550 379 2618 fideus.)

72 2674 95 2740 l.
133 2671 196 2751 Qu·
215 2683 286 2735 suut
305 2669 385 2733 fines
411 2682 686 2756 sacramentorum,
707 2682 838 2756 propter
859 2691 934 2752 quoa

417 2753 580 2818 instituta?

73 2855 228 3028 palFines
249 2853 304 2919 alii
325 2864 399 2920 sunt
418 2853 626 2940 principales,
656 2855 712 2919 alii
726 2929 728 2933 ¹
740 2856 844 2920 minus
865 2854 954 2941 prin-

72 2998 74 3005 ,
127 2963 170 3009 es.

230 3076 260 3141 8.
301 3073 435 3153 Quinam
465 3085 535 3139 utut
555 3074 768 3162 priuctpalea?

127 3179 223 3256 Duo,·
254 3186 327 3239 sunt
361 3175 446 3239 enim
469 3186 666 3241 sacramenta
693 3176 838 3240 instituta
867 3177 895 3242 1.
917 3184 953 3239 ut

72 3262 256 3348 mergaris,
277 3259 384 3325 media
404 3282 462 3324 seu
476 3261 686 3326 instrumenta
701 3260 877 3340 offerentia,
898 3281 953 3324 ex-

941 3362 1042 3552 Γ
