2250 3772
297 253 449 341 Syllabus
470 279 576 321 rerum
596 267 628 320 et
646 256 824 321 verborum.
951 256 1014 323 663
1075 350 1080 357 ἱ

107 423 266 490 Mimanta,
283 422 375 477 Deum
394 428 537 478 testantur.
559 425 618 479 202.
653 429 727 479 certo
747 424 828 479 modo
847 425 884 481 ab
903 430 1011 494 aposto-

142 490 176 543 lis
196 491 309 546 fuerunt
328 492 409 547 edita.
429 498 487 548 248.
527 491 632 545 Obrahti
648 493 684 547 ad
701 492 752 547 ΙΙΙ.
771 511 858 564 genus
874 511 1010 549 commun.

141 559 234 615 idiom.
253 567 380 630 spectant
400 566 456 616 285.
495 559 596 615 Confer
613 567 672 618 288.
715 580 770 617 non
793 579 902 632 semper
919 579 1012 617 neces-

141 629 214 683 saria
231 635 296 682 sunt
312 630 342 682 in
361 628 482 685 ecclesia.
503 635 561 685 355.

105 714 314 769 Misericordia
340 715 411 784 Dei,
435 732 492 767 non
517 718 559 769 est
580 715 744 785 opponenda
766 716 861 771 merito
882 722 910 770 et
932 715 1011 770 satis·

140 782 256 837 factioni
273 782 382 838 Christi.
403 787 461 839 383.
497 800 553 837 non
571 783 653 836 datur
672 793 748 839 extra
767 783 913 838 Christum.
933 790 991 840 400.

105 851 218 907 Missae
243 853 425 922 sacrificium,
452 869 508 906 non
535 860 643 922 spectat
667 853 704 905 ad
731 855 882 923 genuinum
906 871 918 905 s
951 870 1012 909 coo·

141 937 195 974 nae
212 937 300 975 usum.
327 925 384 975 580.
428 920 600 976 describitur.
623 920 690 974 ibid.
725 921 862 977 refutatur
886 922 1011 977 ulterius.

141 994 200 1045 581.
217 1005 274 1058 seq.

107 1074 268 1140 Mocohari,
286 1072 424 1144 significat
442 1064 471 1126 in
491 1072 623 1143 decalogo
643 1075 768 1142 quamvis
783 1075 962 1145 pollutionem
980 1076 1012 1130 il·

139 1142 272 1266 }licitapr5d
286 1149 341 1197 112.
396 1141 480 1195 etiam
507 1158 670 1196 consensum
697 1148 726 1197 et
752 1145 952 1211 promotionem
978 1145 1010 1199 il·

160 1228 193 1265 us
210 1229 248 1264 ar
271 1251 278 1264 .

105 1281 313 1334 Mouaelorum
333 1279 451 1331 castitas
467 1277 568 1331 fictitia
585 1283 633 1332 est
652 1283 692 1333 81.
712 1284 771 1334 338.

104 1351 249 1416 Monstra,
267 1365 324 1402 non
341 1352 468 1402 evertunt
484 1346 538 1400 Dei
549 1346 763 1415 providentiam.
783 1352 839 1403 240.

104 1419 237 1483 Mor-alc,
263 1417 344 1470 datur
367 1420 396 1469 et
417 1416 550 1469 retinetur
568 1420 627 1467 tum
646 1414 717 1469 inL
746 1417 931 1485 ceremoniali,
950 1424 1009 1471 tum

141 1485 251 1541 forensi.
270 1490 311 1539 44.
331 1490 372 1540 40.
391 1490 431 1540 54.
456 1500 522 1553 prae
543 1484 681 1538 onendum
701 1491 743 1538 est
765 1486 947 1541 ceremoniali.
967 1492 1008 1542 86.

140 1555 215 1609 unde
233 1560 420 1624 cognoscatur,
439 1559 480 1608 53.
541 1553 587 1607 ide
604 1556 662 1607 Lea
681 1555 807 1609 moralia.

105 1640 200 1706 Mora,
218 1654 274 1691 non
297 1645 339 1692 est
365 1655 383 1692 a
399 1637 467 1692 Deo.
491 1643 548 1693 223.
591 1655 643 1692 nec
663 1639 754 1693 media
775 1639 843 1708 ejus.
861 1645 918 1695 308.
954 1657 1011 1694 non

143 1714 186 1762 est
202 1707 352 1761 satisfactio
370 1724 420 1776 pro
438 1707 684 1776 peccatisnostris.
704 1714 762 1764 208.

105 1779 191 1832 Mors
210 1774 323 1842 Christi,
344 1775 513 1832 describitur.
533 1781 592 1832 208.
629 1775 721 1830 differt
737 1777 774 1831 ab
792 1775 852 1846 ipso
871 1776 964 1831 fructu
983 1783 1012 1832 et

141 1844 326 1914 applicatione
346 1845 413 1913 ejus.
432 1849 490 1899 407.
528 1845 599 1898 Vide
617 1845 754 1898 Meritum
774 1844 887 1898 Christi.

106 1914 235 1968 Mortale
248 1922 405 1981 paccatum,
425 1912 593 1967 describitur.
606 1917 670 1966 Ι103.

104 1985 205 2038 Motus
223 1981 389 2049 inordinati,
408 1988 552 2051 peccatum
571 1986 645 2036 sunt.
666 1986 722 2035 140.

105 2053 231 2118 Moyses,
252 2051 311 2118 ejus
330 2067 453 2120 persona·
465 2056 494 2104 et
510 2049 639 2109 officium,
657 2048 856 2103 describuntur.
876 2054 917 2103 30.
966 2065 1010 2102 ca-

139 2119 240 2174 thedra
258 2118 317 2188 ejus
338 2119 431 2172 differt
448 2136 465 2173 a
482 2118 613 2173 cathedra
625 2117 700 2173 Petri
711 2122 740 2171 et
751 2117 852 2185 Papae.
872 2122 912 2171 38.
948 2132 1010 2187 pro-

139 2189 280 2258 mulgator
297 2187 366 2258 legis
379 2192 427 2241 est.
447 2193 489 2242 48.
516 2188 679 2258 decalogum
699 2187 795 2240 eodem
806 2185 909 2256 ubique
927 2187 1009 2240 modo

140 2274 196 2310 non
213 2256 349 2310 recitavit.
370 2262 425 2311 148.

105 2340 262 2406 Mulieres,
287 2340 499 2411 obstringuntur
517 2339 612 2394 itidem
636 2340 672 2395 ad
695 2338 912 2393 observationem
930 2356 1010 2409 praa·

139 2415 283 2479 ceptorum
301 2410 436 2480 decalogi.
453 2415 512 2464 234.
544 2409 681 2464 etiamad
699 2407 846 2478 imaginem
864 2407 919 2460 Dei
934 2424 1010 2462 crea·

140 2484 186 2532 tae
204 2483 277 2534 sunt.
297 2484 356 2533 232.
398 2484 514 2548 possunt
536 2479 574 2533 ba
593 2478 679 2531 tizare
702 2477 731 2529 in
755 2493 821 2531 casu
839 2476 1010 2531 necessitatis

141 2553 191 2602 500
208 2564 264 2617 seq.
302 2553 365 2599 sunt
383 2547 467 2600 etiam
486 2563 549 2600 caro
568 2497 602 2600 ‹ie
620 2563 710 2600 carne.
730 2550 788 2600 514.

103 2616 205 2682 Multi,
227 2615 392 2669 vocabulum
414 2615 444 2669 in
467 2615 528 2669 loco
547 2615 581 2669 de
604 2614 736 2669 electione
761 2613 834 2667 sumi
853 2613 936 2668 debet
955 2613 1010 2667 col·

137 2683 244 2740 leotive.
263 2689 321 2739 408.

103 2755 248 2820 Mandas,
270 2757 386 2806 nonest
406 2757 543 2805 aeternus.
560 2756 619 2806 310.
656 2755 767 2820 propter
792 2749 930 2803 hominem
947 2766 1012 2805 con·

140 2822 213 2875 ditus
233 2826 283 2876 est.
303 2826 360 2875 223.
408 2819 481 2889 Vide
501 2819 627 2886 Crectio,
644 2819 837 2874 Providentia.
884 2836 936 2871 vox
954 2835 1010 2872 non

139 2891 257 2944 sumitur
279 2907 331 2969 pro
353 2889 417 2943 solis
443 2888 544 2943 clectis.
563 2894 623 2943 403.
663 2904 718 2940 non
735 2891 778 2940 est
801 2887 860 2956 ipse
877 2886 1010 2941 infernus.

139 2965 200 3014 423.
235 2958 357 3011 solicitat
373 2957 495 3012 homines
513 2957 549 3010 ad
567 2957 645 3009 varia
661 2956 773 3010 scelera.
789 2961 848 3011 402.

102 3028 229 3091 Musica,
248 3027 276 3079 in
295 3027 410 3081 ecclesia
424 3027 507 3080 ¹licita
524 3033 573 3080 est.
593 3030 652 3080 445.

103 3096 297 3153 Matirutionia
314 3096 447 3164 officium,
466 3094 637 3149 describitur.
664 3098 711 3148 127
730 3109 786 3164 seq.
831 3092 903 3147 Vide
926 3092 1012 3147 etiam

142 3166 242 3219 Usara.

101 3234 256 3302 Mpatcric,
276 3231 306 3284 in
322 3248 352 3285 se
368 3246 424 3283 non
442 3236 507 3283 sunt
523 3229 648 3295 obscura,
667 3227 763 3282 sedin
782 3228 870 3283 nobis.
889 3234 930 3288 31.
953 3247 1010 3284 non
1026 3286 1030 3291 ,

138 3307 205 3357 sunt
228 3318 261 3355 ex
280 3298 424 3370 principiis
448 3297 644 3369 philosophicis
669 3297 847 3353 aestimanda.
871 3304 931 3354 248.
949 3303 1009 3355 281.

1059 3412 1094 3548 l
