2250 3772
329 222 500 290 Decimum
522 233 736 309 praeceptum.
929 222 994 287 143

113 403 195 461 senaa
213 392 240 475 iu
257 393 394 474 hoavero
412 390 621 474 inclinationem
640 391 775 446 duntaxat
792 406 908 472 pravam
926 407 990 472 eon·

112 457 238 583 midi&
253 461 425 518 habitualem
443 461 602 543 prolimen,
620 477 731 543 copseq.
751 477 858 532 parrum
873 459 990 540 tirmrter

170 545 186 612 ¹¹.
207 536 256 588 tur.
292 530 425 612 Utergo
449 547 479 612 m
501 530 744 612 rstrsprohrbetur
763 534 990 609 concuprscentra

110 598 211 738 imit
249 603 601 738 llmsllllniliilsiiil
618 602 989 738 lissliisffffillmull

110 748 152 787 non
162 737 226 791 norit
242 754 295 793 nec
312 736 445 808 intelligit
461 753 521 791 esse
538 741 697 807 peceatum,
713 737 795 789 Ram.
811 739 833 803 7,
847 739 869 804 7,
887 741 919 788 ut
937 732 989 787 sci-

109 799 158 858 llcet
174 804 291 861 intimam
316 805 439 860 omnium
462 805 563 859 virium
581 812 609 860 et
627 804 813 875 cupiditatum
831 809 990 859 nostrarum

110 872 270 932 mutitudinem
297 874 482 946 legislatorem
507 874 600 929 Deum
626 873 742 929 anobis
760 873 870 944 exigere
888 870 989 926 intelli-

109 953 187 1007 gamus.
219 944 281 998 Nec
300 943 449 1015 quicquam
468 944 574 1007 ebetat,
593 942 668 1013 quod
683 943 752 997 haec
770 943 833 1012 ipsa
849 940 992 995 rectitudo

109 1005 169 1063 ctiam
189 1011 215 1065 in
239 1010 474 1083 praecedentibus
498 1011 656 1093 praeceptis
682 1011 816 1092 exigatur.
858 1009 988 1080 Exigitur

108 1090 199 1149 nanque
212 1081 240 1136 in
258 1080 320 1135 istis
340 1080 482 1151 implicite,
500 1098 530 1134 ιιι
547 1080 591 1135 lus
609 1097 674 1135 vero
695 1080 843 1149 explicite.)

124 1177 161 1245 89.
192 1183 271 1262 Quid
290 1206 362 1248 vero
383 1186 544 1269 speciatim
571 1187 604 1247 in
627 1206 707 1248 cono
729 1185 785 1249 loc
801 1195 967 1267 praecepto

174 1282 177 1287 ’
369 1271 458 1334 uobis
472 1266 710 1354 praecipitari·

168 1365 208 1432 Ut
222 1368 415 1454 proximum,
437 1392 501 1453 quo
524 1370 667 1433 fortunas
690 1380 723 1434 et
744 1390 821 1456 opes
843 1391 917 1432 suas
938 1368 988 1432 in·

106 1452 185 1531 ugia
203 1453 346 1531 retineat,
368 1465 523 1538 quantum
544 1476 723 1541 possumus,
741 1457 900 1539 juvemus.

121 1612 126 1624 ,
157 1547 201 1614 (De
215 1553 289 1607 vitiis
308 1558 337 1608 et
352 1551 503 1608 virtutibus
521 1553 605 1625 hujus
619 1556 770 1626 praecepti,
787 1555 824 1610 ob
836 1556 876 1610 rei
889 1566 991 1610 eonve-

106 1617 216 1692 nutam,
232 1621 403 1692 conjunctim
420 1621 543 1677 dicemus
561 1631 712 1695 praecepto
728 1625 873 1696 sequenti.)

164 1771 445 1843 DECIMUM
479 1764 907 1843 PRAEOEPTUM.

166 1893 209 1960 90.
246 1893 411 1972 Quodnam
440 1907 483 1959 est
510 1897 660 1959 decimum
675 1895 901 1979 praeceptum?

166 1990 233 2058 Non
263 1994 462 2059 desiderabis
476 2010 481 2016 ·
497 2017 631 2060 uxorem
658 1996 797 2080 proximi
825 1996 887 2073 tui,
920 2018 986 2061 non

106 2087 216 2157 aarum,
242 2101 309 2143 non
330 2080 495 2158 ancillam,
523 2103 590 2144 non
609 2080 742 2158 bovem,
763 2103 829 2145 non
850 2081 991 2159 asinum,
1062 2125 1064 2129 ·

105 2174 148 2219 1100
163 2165 260 2229 omnia
282 2187 364 2248 quae
386 2165 471 2229 illius
494 2177 575 2237 sunt.
667 2169 669 2175 ’

167 2282 210 2346 91.
248 2282 335 2360 Quae
356 2297 400 2348 eat
428 2285 519 2367 lepus
541 2285 705 2368 praecepti
731 2284 900 2350 sententia?

120 2456 126 2472 ¹
165 2379 324 2448 Debemus
345 2381 454 2448 Deum
475 2385 587 2448 timere
609 2395 641 2448 et
669 2384 820 2470 diligere,
847 2409 887 2449 ne
909 2409 990 2472 pro-

104 2479 167 2526 nmo
182 2490 331 2546 uxorem,
358 2490 484 2546 servos,
506 2467 653 2545 ancillas,
674 2469 725 2532 vel
770 2470 886 2534 ecudes
910 2494 984 2535 suas

104 2542 299 2631 abalienamus,
321 2565 376 2616 aut
397 2554 634 2631 abstrahamus,
657 2553 714 2617 sed
736 2554 743 2568 '
771 2577 806 2619 os
822 2556 988 2620 adhortari

103 2646 214 2772 ppurtet,
236 2651 273 2703 ut
294 2651 459 2716 maneant,
483 2650 514 2703 et
535 2662 629 2702 suum
650 2637 792 2703 officium
812 2639 985 2725 diligenter

113 2880 118 2892 ,
155 2819 230 2886 (ltus
245 2823 331 2904 huJus
348 2822 489 2892 praecepti
508 2827 550 2876 est
567 2822 680 2877 interior
697 2824 860 2892 affectuum,
879 2823 985 2893 specia-

103 2884 208 2962 hmuga
225 2891 376 2960 famrliam,
402 2891 555 2962 generatim
576 2908 641 2945 vero
669 2909 736 2964 erga
754 2892 847 2946 omnia
865 2892 984 2963 proximi

102 2945 158 3008 hm
169 2961 322 3027 rectitudo.)

134 3054 173 3122 92.
206 3063 288 3142 Quid
308 3065 397 3126 achia
423 3065 456 3126 ia
481 3063 537 3126 laec
553 3078 721 3149 praecepto
735 3064 942 3150 prohibetur?

166 3158 211 3226 Ne
227 3164 374 3250 proximo
394 3186 538 3241 uxorem,
559 3186 677 3247 servos,
700 3166 842 3243 ancillas,
863 3165 988 3251 velpe-

104 3236 178 3307 cudes
197 3248 409 3314 abalienemus
435 3259 490 3313 aut
511 3248 740 3318 abstrahamus.
