2250 3772
230 326 233 335 Ι
326 233 510 301 Secundum
531 248 737 323 praeceptum
954 237 996 302 75

112 399 161 467 48.
195 403 352 480 Quomodo
374 429 445 469 veno
466 429 576 470 nomen
590 407 656 471 Dei
675 420 754 473 reete
767 407 979 492 usurpamus?

173 521 207 588 si
227 523 357 587 nomine
372 523 437 587 Dei
460 525 619 609 religiose,
641 524 694 610 pie
715 535 747 588 et
768 525 941 590 honorifioe
962 524 996 588 in

107 606 174 670 omni
200 631 344 674 sermone
374 619 484 674 nostro
511 610 648 686 utimur,
681 609 763 673 illud
790 611 823 673 in
846 610 995 675 omnihus

108 693 325 757 necessitatibus
345 692 540 772 invocamus,
561 694 748 771 adoramus,
770 706 803 758 et
827 717 901 759 oum
922 718 996 780 gra-

111 772 200 840 iarum
221 778 347 843 actione
369 778 535 843 laudamus
558 790 590 844 et
603 779 828 865 glorificamus.

122 878 198 957 „ll”
217 877 271 932 hoo
291 895 358 949 ergo
377 885 527 949 praesepto
545 897 621 951 seqq.
634 881 749 932 virtutes
768 887 797 934 et
814 895 900 950 opera
917 895 997 959 prae·

110 952 235 1001 uruntur:
264 953 285 1002 1.
303 947 459 1002 reverentia
480 948 598 1002 nominis
627 949 722 1005 divini.
752 948 946 1005 .2.Invoeat10
970 953 999 1002 et

136 1015 223 1079 oratio,
251 1017 334 1071 Prae.
355 1020 404 1078 se,
424 1021 468 1072 15.
504 1018 572 1072 Jou
593 1020 625 1084 2,
643 1021 689 1073 32.
726 1019 792 1072 Joe.
811 1021 860 1084 16,
885 1019 931 1070 23.
952 1019 997 1068 24.

110 1079 174 1136 Hele.
191 1088 213 1153 1,
232 1088 258 1139 6.
295 1089 319 1140 3.
347 1083 507 1143 Gratiarum
529 1085 618 1154 aetio,
645 1088 730 1140 Deae.
750 1090 803 1148 32,
822 1092 848 1138 6.
887 1085 996 1138 Psalm.

111 1151 153 1217 147,
164 1154 182 1206 7.
209 1160 232 1208 4.
251 1152 396 1207 Confessio
409 1161 437 1208 et
448 1155 627 1224 praedicatio,
648 1156 750 1209 Mane.
761 1159 805 1222 16,
815 1157 860 1207 32.
881 1158 906 1207 1.
917 1156 997 1207 Petr.

109 1218 128 1284 3,
139 1224 172 1275 16.
188 1225 229 1278 16.
256 1229 281 1277 5.
294 1221 475 1286 Glorifioatio‚
493 1225 602 1278 Psolm.
619 1227 664 1291 34,
676 1228 701 1279 4.
713 1233 740 1276 et
753 1227 796 1292 66,
812 1228 838 1278 2.
853 1231 878 1276 st
890 1226 934 1290 69,
949 1225 996 1276 35.

109 1288 127 1364 l.
141 1285 269 1360 Legitima
292 1290 410 1344 nominis
434 1291 520 1346 divini
545 1293 575 1345 in
597 1293 756 1362 juramento
773 1291 946 1357 testificatio,
970 1297 998 1343 et

106 1355 265 1427 Jurisjurandi
282 1358 359 1414 fides.
393 1360 436 1413 Ex
464 1361 595 1415 antithesi
614 1378 679 1415 vero
699 1379 777 1432 seqq.
802 1361 872 1414 vitia
892 1369 918 1414 et
930 1376 997 1426 pee-

108 1432 155 1477 coa
168 1428 195 1480 in
210 1428 264 1482 hoo
284 1436 434 1499 praecepto
454 1429 647 1497 prohibentur:
675 1436 695 1485 1.
713 1429 891 1485 irreverentia
907 1427 994 1482 nomi·

106 1490 138 1567 nis
151 1495 238 1564 divini,
256 1497 400 1567 neglectus
418 1498 605 1567 usurpationis
617 1499 734 1552 nominis
748 1498 811 1560 Dei,
829 1495 995 1552 intermissio

107 1565 271 1632 evocationis,
288 1565 466 1634 adorationis,
502 1566 635 1621 ratianum
656 1567 785 1633 aetionis,
804 1565 993 1628 confessionis,

107 1632 344 1712 etglorifioationis
366 1635 427 1688 Dei.
493 1653 528 1689 uo
551 1653 618 1706 ergo
640 1635 799 1690 referuntur
824 1651 918 1688 omnes
936 1633 994 1703 epi-

106 1711 162 1753 sure
184 1719 323 1758 sermones
345 1703 381 1758 de
398 1704 473 1768 Deo,
497 1706 612 1774 jocosae
636 1711 665 1758 et
689 1705 825 1758 ridiculae
846 1704 994 1758 verborum

107 1762 243 1838 Scripturas
268 1771 475 1841 usurpationes,
523 1773 604 1827 uibus
628 1773 718 1844 gloria
734 1773 789 1828 Dei
815 1772 994 1827 deformatur.

107 1836 124 1910 ‚2
138 1835 261 1909 convitia,
278 1840 494 1908 maledictiones,
531 1842 772 1934 lasqhemationes,
785 1840 995 1901 exsecrationes,

106 1908 995 2034 Ἲέἕέἓὲῗᾷᾞὲήῗ’,ἕῗέ“ἒ6οῗὶθ“32611ἕέ1ιὲ5ωέῗὲ

338 2018 345 2030 .
383 2017 390 2042 ,
426 2019 433 2034 .
536 2019 542 2042 ,
599 2021 605 2032 .
659 2018 665 2031 .
788 2019 794 2031 .
915 2016 923 2032 .
989 2017 995 2030 .

106 1984 277 2114 leaphemiale
303 2053 368 2100 sunt
396 2047 545 2101 maledieta
572 2053 601 2103 et
626 2048 730 2118 impiae
753 2064 837 2102 voees
851 2019 995 2100 ’adversus

106 2103 176 2167 Deum
196 2121 224 2170 et
246 2114 364 2169 verbum
387 2117 460 2186 ejus:
487 2117 536 2170 sed
563 2133 615 2172 nea
635 2117 688 2170 hae
706 2123 830 2185 tantum,
851 2132 949 2170 verum
965 2121 995 2169 et

71 2244 75 2253 ³
106 2182 214 2238 andala
232 2184 323 2237 malae
340 2183 424 2252 vitae,
444 2202 495 2255 per
512 2202 584 2265 quae
595 2202 695 2239 nomen
709 2184 764 2239 Dei
777 2183 994 2307 blasfhematur,

106 2247 124 2297 1·
140 2249 246 2307 Timoli.
266 2255 292 2319 6,
310 2256 334 2306 1.
352 2252 398 2306 hio
437 2253 564 2308 rohib1ta.
598 2255 744 2309 Exseerari
761 2260 803 2309 est
821 2253 904 2309 aioni
922 2254 996 2306 mala

105 2313 183 2374 aueo
203 2320 360 2389 imprecari.
406 2271 580 2394 (luocunque
609 2339 676 2394 ergo
703 2323 785 2377 modo
811 2323 866 2377 ista
891 2329 995 2377 temere

104 2377 277 2449 tentantia
295 2389 349 2442 hoo
362 2396 544 2466 praeceptum
559 2398 694 2462 pugnant
723 2394 784 2446 Nee
802 2394 901 2459 obstat,
920 2390 996 2462 qnod

105 2457 249 2529 emique
272 2458 362 2511 saneti
386 2460 467 2513 toties
492 2460 554 2514 dira
580 2460 695 2530 quaevis
720 2460 846 2514 hostibus
872 2461 930 2514 suis
945 2459 996 2512 im·

105 2526 190 2595 innati
214 2527 244 2580 in
262 2525 406 2596 Scriptura
431 2528 570 2599 leguntur.
607 2529 733 2584 Fuerunt
758 2530 832 2584 enim
857 2528 911 2583 hae
937 2545 994 2583 non

104 2593 222 2661 mperes
241 2596 453 2656 exsecrationes,
474 2597 523 2651 sed
540 2614 642 2668 magna
662 2615 696 2652 ex
717 2603 798 2668 parte
816 2597 995 2667 propheticae

104 2667 233 2719 menarum
250 2664 472 2718 denuntiationes
490 2666 624 2720 adversus
648 2666 741 2720 hostes
759 2684 815 2720 non
832 2666 995 2735 resipiscen-

104 2726 144 2780 ἴω
174 2730 207 2786 Et
232 2732 287 2786 hoo
311 2732 426 2802 quidem
447 2733 477 2787 in
502 2751 568 2788 oasn
592 2736 759 2806 quandoque
778 2734 995 2789 esseoreationes

103 2786 185 2868 lutee,
202 2802 250 2855 sed
268 2801 312 2853 his
329 2802 381 2854 sub
399 2803 618 2858 conditionibus:
638 2803 661 2856 si
682 2811 703 2858 1.
720 2804 795 2858 mala
810 2803 996 2872 imprecamur

102 2866 184 2924 Juniis
197 2869 324 2925 hostibus
340 2869 409 2938 Dei3
430 2876 458 2926 et
475 2872 587 2942 quidem
606 2879 628 2926 2.
646 2871 861 2938 insanabilibus,
878 2877 905 2926 et
922 2876 947 2925 3.
966 2870 996 2923 iu

105 2940 173 2988 musa
187 2938 255 3007 Dei,
278 2944 308 2992 et
331 2945 356 2995 4.
375 2939 435 2992 sine
458 2941 568 3010 privato
591 2941 655 2994 odio
677 2958 711 2995 ao
730 2941 871 2994 vindictae
889 2955 925 2993 ou
944 2939 997 2992 idi-

104 2997 163 3079 lstltt
178 3012 203 3060 et
220 3014 243 3062 5.
262 3007 292 3059 in
328 3007 412 3062 loriae
426 3009 478 3062 Dei
494 3009 711 3064 vindicationem
729 3014 758 3064 et
775 3008 908 3063 eeclesiae
925 2957 995 3063 lbe-

107 3071 228 3130 rationsm.
264 3085 289 3131 3.
306 3024 504 3146 ᾗῴεταείοηεε,
523 3078 617 3132 futiles
630 3079 823 3148 dejerationes,
840 3093 930 3132 vanae
942 3077 995 3132 Dei

106 3135 288 3213 sortitiones,
310 3145 473 3200 temerariae
498 3147 658 3202 devotiones
677 3151 707 3202 et
726 3146 840 3217 quaevis
854 3146 995 3215 juramen-

106 3203 178 3262 torum
200 3229 231 3267 ae
256 3217 384 3267 votorum
413 3215 529 3282 levitas,
556 3218 743 3279 Lev.19,14.
783 3216 884 3269 Maon.
903 3219 934 3278 5,
951 3218 995 3269 34.

107 3267 129 3318 Ρ
128 3276 192 3332 ⁸olm.
202 3285 242 3350 15,
259 3285 286 3337 3.
313 3283 414 3336 Jacob.
425 3287 450 3347 5,
469 3287 512 3339 12.
548 3284 680 3354 Pejerare
698 3291 740 3338 est
757 3284 803 3339 vel
819 3301 879 3339 rem
894 3283 996 3338 falsam
