2250 3772
144 237 192 302 De
207 236 350 303 secundo
364 236 503 321 symboli
520 237 686 322 apostolici
702 237 844 301 articulo,
887 238 950 303 241

86 403 101 467 i.
140 407 216 471 Lirde
239 431 309 472 vero
341 419 427 470 touta
458 409 615 490 berrrficia,
651 429 727 488 qtroe
752 409 951 490 prouidentia

86 511 168 554 usuc
181 493 213 555 iu
227 514 284 555 uos
307 496 425 573 coulert
445 491 578 554 coelestis
590 503 694 575 pater,
709 490 950 575 promeremur?

127 590 187 655 Nos
208 591 290 655 nihil
317 591 433 656 horum
453 614 689 679 promeremur3
724 614 834 656 verum
856 591 947 656 beni-

86 672 207 740 sissimus
241 676 341 740 Pater
367 675 447 741 haec
476 677 582 740 omnia
614 677 706 741 nobis
740 676 874 761 largitur
908 699 949 740 ex

86 780 131 824 reu
166 771 275 826 aterna
303 783 341 825 ac
368 761 476 825 divina
505 762 646 826 bonitate
669 772 700 827 et
720 761 948 839 misericordia,

86 866 116 907 ue
132 785 199 910 uilis
222 846 341 910 nostris
362 846 493 922 meritis,
516 859 570 911 aut
591 847 658 910 ulla
679 847 843 933 dignitate.

86 963 105 1030 5.
138 963 218 1043 Quid
247 988 319 1051 erqo
348 966 578 1112 clernrrbmicsirgo
608 967 677 1030 duic
696 966 795 1029 Patri
821 989 876 1030 uos
898 967 950 1030 dc-

450 1073 550 1114 emus.

127 1148 287 1214 Debemus
312 1151 339 1216 1.
362 1173 420 1235 pro
443 1150 590 1215 omnibus
612 1150 699 1215 hisce
721 1149 768 1214 illi
790 1173 830 1214 ex
852 1150 948 1214 corde
1016 1168 1019 1185 ¹

86 1232 155 1299 retias
176 1257 290 1320 agere,
321 1236 351 1300 2.
370 1235 465 1322 pleno
497 1260 551 1301 ore
581 1236 710 1300 laudem
732 1235 888 1313 tribuere,
917 1236 947 1300 3.

86 1315 132 1383 tati
148 1319 176 1384 ei
197 1320 375 1385 reverentia
395 1320 558 1399 inservire,
577 1323 607 1386 4.
633 1320 800 1403 eidemque
822 1343 879 1405 per
899 1330 948 1384 to-

86 1404 208 1549 tbuvitoe
231 1416 358 1470 nostrae
382 1407 573 1471 curriculum
595 1406 628 1469 in
650 1405 796 1470 omnibus
813 1404 949 1469 fideliter

99 1510 181 1575 sequr.

91 1606 144 1675 ld,
165 1608 230 1672 Cur
252 1609 411 1687 subjicitur
433 1610 631 1691 replicationi
656 1609 746 1690 liujus
768 1609 911 1673 articuli:

246 1693 321 1755 Hoc
341 1692 515 1756 certissime
535 1715 645 1756 vorum
668 1694 740 1757 est?

128 1794 177 1857 Ad
198 1793 429 1858 testificandam
452 1793 527 1857 fidei
548 1793 642 1876 hujus
670 1804 798 1857 nostrae
821 1795 947 1880 πληρο-

86 1873 161 1953 ociur
192 1889 225 1942 et
255 1878 420 1942 immotam
452 1878 690 1955 certitudinem,
722 1879 762 1942 de
794 1901 858 1961 qua
890 1901 950 1943 nec

86 1957 209 2045 uicquam
230 1962 377 2027 dubitare
399 1963 562 2029 debemus.

86 2106 133 2178 DE
152 2114 373 2182 SECUNDO
397 2114 609 2182 SYMBOLI
632 2113 917 2182 APOSTOLICI

366 2200 616 2268 ARTICULO.

86 2344 103 2412 l·
137 2330 203 2432 Qud
224 2355 262 2417 de
283 2376 316 2418 re
338 2356 369 2415 in
392 2357 521 2417 secundo
543 2356 671 2439 symboli
692 2354 854 2438 apostolici
874 2338 927 2420 dr·

374 2439 464 2501 ticulo
487 2437 613 2522 coitur?

129 2536 175 2602 De
198 2560 295 2624 opere
316 2534 530 2602 redemtionis.

183 2657 213 2721 2.
258 2655 417 2734 Quaenam
439 2669 510 2721 curet
531 2656 664 2737 ejusdem
685 2656 802 2720 verba?

101 2756 153 2850 d.
179 2756 285 2823 Credo
314 2756 349 2820 in
377 2756 494 2823 Jesum
522 2754 701 2832 Christum,
731 2755 852 2822 Filium
879 2760 948 2842 ejus

86 2855 178 2919 mcum,
194 2841 373 2907 Dominum
392 2854 543 2907 nostrum.

130 2926 155 2990 3.
177 2926 244 3007 Qui
265 2937 437 3025 conceptus
460 2937 508 2990 est
529 2926 569 2990 de
589 2925 713 3011 Spiritu
734 2936 862 3003 sancto,
890 2950 949 2991 na-

86 3022 108 3067 u
122 3030 154 3074 ex
172 3010 280 3077 Maria
300 3011 348 3075 vir
372 3034 433 3075 rue.

132 3096 157 3162 4.
177 3096 296 3162 Passus
318 3033 378 3160 sui>
393 3095 512 3160 Pontio
529 3094 646 3171 Pilato,
669 3093 847 3173 crucifixus,
865 3119 951 3160 mor·

86 3188 127 3238 [1¹1⁸
144 3193 171 3243 et
190 3182 351 3268 sepultus3
372 3179 536 3245 descendit
557 3179 599 3243 ad
618 3178 745 3242 inferos.

136 3262 160 3332 ὃ.
179 3265 287 3331 Tertia
305 3265 360 3330 'dic
383 3264 554 3329 resurrexit
574 3289 593 3328 a
613 3263 755 3330 mortuis.

759 3372 784 3415 ts
