2250 3772
110 240 177 309 324
246 241 353 329 Caput
371 242 415 305 II.
458 242 511 306 De
533 242 681 326 symbolo
703 240 893 331 apostolico.

225 412 291 477 DE
310 410 499 480 VIRIBUS
520 410 680 477 LIBERI
699 396 919 479 ARBITRII.

113 551 141 617 1.
184 551 274 631 Quod
295 551 324 611 si
342 571 413 634 erqo
434 549 569 632 Spiritus
590 558 713 613 sanctus
729 572 791 633 per
810 570 914 613 veram
924 550 992 633 fida

111 637 265 701 illuminat
280 644 350 709 eto,
379 655 466 696 neoto
490 635 553 695 suis
574 635 691 697 viribus
712 635 745 696 iu
766 635 992 698 consutiones

337 718 442 783 Deum
464 718 627 803 quicquum
647 718 801 801 effecerit?

197 836 290 902 Ntiit
311 838 481 920 quicquam.
522 834 602 899 Ideo
617 857 755 918 namque
774 836 871 901 credo
884 858 935 901 me
947 858 992 923 prr

110 922 189 1010 priis
212 919 343 985 rationis
369 942 458 983 meae
487 918 608 984 viribus
629 920 711 987 Jesu
731 918 860 987 Christo
883 918 992 987 Domi:

111 1030 184 1073 meo
214 1006 313 1069 fidere
349 1017 404 1069 aut
438 1006 480 1069 ad
517 1026 591 1068 eum
619 1003 772 1069 accedere
798 1015 831 1071 et
860 1004 992 1092 perveni]

112 1093 202 1158 nullo
223 1091 318 1155 modo
341 1111 446 1177 posse.

432 1226 462 1289 2.
502 1223 606 1302 Quare
627 1224 701 1288 boc?

200 1326 288 1410 Quia
309 1326 507 1412 perlapsum
522 1326 700 1412 primorum
714 1336 898 1392 nostrorum
911 1346 992 1415 parc!

112 1426 183 1481 tum
204 1417 237 1476 in
260 1413 474 1495 spiritualibus
506 1412 535 1477 1.
557 1411 638 1475 adeo
659 1408 801 1475 tenebris
822 1413 992 1479 obscuratut

113 1498 310 1565 intellectum
331 1496 496 1579 habemus,
518 1496 601 1580 upt.
622 1496 654 1573 4,
678 1497 716 1561 17
740 1518 827 1581 seq„
849 1508 886 1563 ut
906 1495 992 1563 animi

113 1586 154 1650 lis
176 1584 271 1647 homo
290 1603 356 1645 non
370 1581 526 1667 percipiat
541 1603 589 1657 ea,
610 1603 694 1664 quae
709 1591 783 1645 sunt
798 1579 936 1670 Spiritus
948 1580 992 1647 Do

114 1667 250 1735 stultitia
265 1666 366 1817 2θηίιὲ
391 1676 440 1730 est
469 1665 530 1743 illi,
562 1677 595 1729 et
622 1688 684 1730 uon
706 1678 811 1750 potest
837 1667 992 1753 intelligar

115 1760 144 1822 1.
173 1755 242 1821 C'or.
362 1799 368 1813 .

199 1840 229 1904 2.
251 1802 411 1904 Vbluntas
432 1845 542 1899 nostra
560 1833 635 1899 Deo
658 1833 802 1913 inimica,
823 1838 918 1905 Rom.
938 1828 992 1913 8,I

113 1926 179 1991 imo
201 1924 234 1987 in
258 1920 396 2008 peccatis
415 1931 542 1984 mortua
562 1931 623 2004 est,
652 1920 770 2004 Epiust.
792 1921 823 2005 2,
849 1924 886 2000 1,
905 1930 939 1985 ut
955 1936 992 2013 πᾳ

114 2012 165 2087 sit,
187 2008 243 2094 qui
264 2007 422 2091 intelligat
443 2016 476 2069 et
497 2003 643 2088 exquirat
657 2005 775 2082 Deum,
799 2029 841 2071 ne
856 2020 992 2091 unusqu

113 2096 198 2172 dem,
218 2097 309 2159 Rom.
332 2094 363 2168 3,
387 2091 436 2155 12.

201 2179 230 2243 3.
260 2176 356 2244 Vires
385 2186 415 2240 et
444 2184 576 2239 conatus
594 2173 694 2238 nostri
716 2172 812 2261 plane
833 2172 959 2251 sublati,
978 2188 992 2231 ¹¹

116 2286 181 2328 non
201 2262 300 2325 simus
322 2282 362 2324 ex
382 2259 476 2324 nobis
497 2257 605 2322 idonei
619 2259 660 2322 ad
676 2259 884 2344 cogitandum
899 2261 992 2325 bonuu

116 2349 146 2412 2.
170 2348 242 2410 Cor.
264 2347 295 2422 3,
316 2346 346 2430 5,
369 2356 401 2409 et
419 2366 513 2408 nemo
535 2343 636 2427 possit
653 2344 830 2409 Dominum
844 2334 992 2412 Jesumdi

118 2454 190 2498 oere
212 2429 275 2493 nisi
296 2430 329 2494 in
353 2429 376 2495 S
400 2429 476 2493 iritu
497 2439 616 2514 sancto,
640 2429 667 2492 1.
691 2431 760 2497 Cor.
785 2431 836 2507 12,
858 2432 888 2498 3.

200 2514 344 2598 Ideoque
373 2453 404 2582 I
433 2512 598 2578 conversio
628 2526 737 2579 nostro
764 2514 799 2579 in
821 2515 992 2580 solidumot

141 2602 240 2667 ratiue
262 2614 294 2664 ot
314 2599 552 2664 misericordiae
574 2598 649 2681 Dei,
671 2599 727 2683 qui
749 2610 900 2686 operatur
916 2600 992 2665 inno

117 2626 169 2751 Iis
202 2698 233 2751 et
259 2684 341 2749 velle
362 2695 394 2748 ct
415 2684 567 2770 perficere
588 2707 647 2769 pro
669 2684 755 2749 bona
775 2685 937 2750 voluntate
953 2696 992 2747 sut

116 2773 203 2838 Plrii.
225 2772 257 2848 2,
280 2772 329 2836 13.

188 2888 272 2954 (Dico
298 2887 400 2941 diserte
422 2886 452 2939 in
475 2884 672 2954 spiritualibus.
710 2885 743 2939 In
768 2886 812 2940 his
830 2887 904 2942 enim
920 2882 992 2942 arbit

118 2957 233 3014 libertas
252 2961 317 3011 auto
334 2953 540 3011 conversionem
557 2954 637 3008 nobis
655 2955 751 3009 relicta
768 2955 848 3011 nulla
866 2961 922 3024 θείς
939 2954 992 3009 ina

117 3026 205 3081 tornis
227 3043 292 3080 vero
319 3022 474 3079 actionibus
493 3040 547 3076 non
565 3024 640 3077 item.
675 3024 719 3078 Do
736 3024 876 3079 distinctis
894 3025 902 3078 i
923 3024 992 3079 ‘turs

119 3096 251 3149 distincte
275 3110 405 3164 agamus,
426 3092 626 3145 attondendum
650 3099 692 3147 est
712 3092 735 3146 Ι.
781 3092 828 3147 uid
850 3093 887 3148 sit
921 3092 992 3147 'beru

119 3163 273 3218 arbitrium.
309 3162 362 3216 Eat
379 3166 472 3215 autem
491 3160 655 3215 deliberatio
674 3161 702 3215 in
722 3178 770 3216 cor
790 3162 852 3218 edo
865 3162 944 3218 rebus
958 3152 992 3213 illi

118 3224 992 3370 igouiubbbsjuffiiiiffmiibiteioiiiiiitiniblriritsitiscioiuiiai
