2250 3772
101 239 166 312 482
303 196 423 328 ‚Oaput
441 240 501 309 lv.
542 240 595 306 De
616 241 789 329 baptismo.

108 412 189 484 panis
208 416 237 466 et
254 410 348 465 vinnm
367 415 432 463 sunt
449 425 535 464 coena
555 408 677 479 Domini,
697 410 753 465 nisi
772 411 925 467 meandum
940 410 1001 466 insti·

103 483 238 538 tutionem
266 479 368 534 Christi
391 479 603 548 distribuantur,
629 486 658 534 et
682 480 746 550 quis
762 481 913 537 manducet
930 479 1000 536 ecbi-

104 551 162 608 bat.
196 548 363 604 Differentia
391 547 521 617 specifica
545 548 708 619 exprimitur
735 556 758 604 1.
777 566 866 605 causa
883 548 999 607 efficiente

104 627 133 676 et
151 619 373 680 administrante,
395 623 417 672 2.
435 617 571 672 materiali
589 622 618 672 et
636 617 754 686 formali,
775 624 800 674 3.
818 617 907 688 finali,
924 625 947 675 4.
962 617 997 673 oli·

101 690 179 762 jecto
194 687 306 760 duplici
340 684 385 740 De
403 684 504 756 quibus
525 686 671 756 speciatim
690 687 720 741 in
741 692 834 759 seqq.)

190 824 220 890 3.
260 822 410 902 Quianam
439 834 483 885 est
512 832 605 886 autor
625 833 657 887 et
678 845 775 887 causa
794 823 945 890 efficiens·

416 909 703 973 sacramentorum?

194 1024 286 1088 Solus
315 1025 412 1090 Deua.
465 1024 659 1110 Quicunque
690 1026 776 1090 enim
802 1026 936 1093 instituit
959 1047 995 1089 sa·

105 1120 283 1194 uramenta,
307 1131 389 1192 quae
411 1123 484 1175 sunt
507 1133 628 1197 organa
646 1121 679 1174 et
699 1111 868 1199 signacula
889 1110 993 1208 gratiae,
1032 1124 1034 1165 :

106 1196 198 1261 illum
226 1193 323 1259 etiam
352 1205 478 1279 oportet
506 1196 582 1259 dare
612 1195 750 1282 gratiam
777 1197 876 1264 illam
915 1198 993 1279 Atqu
1031 1186 1034 1221 ¹

105 1292 171 1346 non
201 1278 264 1342 nisi
294 1278 381 1342 solus
412 1279 502 1344 Deus
532 1281 668 1365 gratiam
697 1281 788 1345 illam
809 1283 886 1347 dare
904 1290 993 1369 potest
1031 1276 1034 1335 l

106 1368 147 1433 E.
177 1387 243 1428 non
275 1363 338 1426 nisi
373 1363 460 1428 solus
492 1364 584 1442 Deus
623 1378 822 1432 sacramenta
855 1368 994 1432 instituere

105 1461 221 1537 potest.

177 1567 263 1633 (Hinc
278 1570 407 1620 constant
433 1582 509 1637 seqq.
532 1568 659 1638 regulae:
682 1567 705 1623 I.
724 1569 850 1623 hamana
869 1568 994 1623 samur

106 1654 195 1708 raeque
214 1644 417 1689 sacramentum
437 1636 547 1688 institui
559 1645 666 1705 potest,
689 1636 778 1707 uepres
802 1639 833 1692 ia
854 1639 992 1692 emrtuos

108 1710 174 1762 Deo
184 1707 332 1775 quicquam
344 1704 389 1758 uel
402 1705 548 1757 immaturi
558 1708 602 1758 set
617 1707 782 1775 dispensari
793 1708 882 1763 debet.
909 1706 993 1762 Enna

106 1776 194 1848 igitur
207 1773 359 1844 pontificii.
385 1772 432 1841 qui
456 1774 558 1841 partim
581 1792 653 1829 nova
675 1781 862 1841 sacramenta,
887 1791 950 1847 qnae
963 1786 991 1849 tt·

106 1861 203 1916 pressa
229 1848 323 1897 tamen
351 1841 523 1896 institutione
547 1842 704 1900 immediate
727 1861 745 1897 a
762 1845 825 1898 Deo
845 1844 920 1898 facta
934 1842 992 1897 detti·

106 1921 236 1974 tuantur,
260 1910 517 1977 comminiscuntur,
541 1913 643 1980 partim
668 1919 843 1967 sacramenta
859 1912 992 1969 iustiurs

110 1982 220 2037 Christo
234 1997 335 2050 papam
349 1980 393 2033 vel
405 1979 559 2041 immutare,
577 1981 621 2035 vel
639 1990 734 2035 contra
747 1983 846 2037 eadem
860 1983 990 2056 dispensas

106 2067 188 2123 posse
212 2055 361 2120 nugantur.
398 2047 441 2101 De
469 2048 570 2118 quibus
592 2049 673 2106 infra.
713 2049 752 2104 11.
776 2050 949 2105 sacramenti
964 2058 990 2098 ru

108 2130 191 2188 atque
211 2119 344 2185 efficacia
361 2134 416 2168 aon
434 2119 572 2185 dependet
591 2136 610 2169 a
627 2119 752 2171 ministri
766 2121 813 2172 ael
826 2109 990 2189 diputaeal

107 2188 272 2249 intentione,
299 2187 352 2239 sed
368 2202 401 2238 ea
416 2186 505 2238 eoliae
525 2188 584 2239 Dei
601 2188 772 2240 instituentis
793 2191 911 2242 ueritate
926 2194 947 2241 et
956 2196 989 2253 pt

109 2257 204 2309 tentia.
234 2254 307 2307 Hinc
327 2254 473 2325 vulgatum
493 2254 579 2307 illud:
598 2257 653 2308 uim
670 2258 843 2310 sacramenti
860 2275 915 2310 nors
929 2252 989 2307 aad

107 2325 167 2380 uita
183 2324 313 2376 ministri.
342 2323 413 2377 Nam
431 2328 605 2377 sacramenta
624 2340 691 2378 vera
709 2330 775 2378 sunt
794 2331 908 2396 propter
918 2324 988 2381 Dem

109 2395 189 2464 cujus
208 2396 279 2445 sunt.
314 2393 426 2444 Errant
443 2392 529 2472 igitur
551 2401 571 2447 l.
592 2393 776 2461 Donatistae,
798 2395 847 2466 qui
866 2402 987 2448 sracrtmtrr

108 2469 199 2518 torum
224 2459 377 2514 efficaciam
403 2461 589 2514 mimstrorum
612 2462 755 2516 sanctitati
775 2469 804 2517 et
822 2462 945 2532 dignitati
957 2451 986 2509 tl·

108 2531 275 2587 scribebant.
313 2527 437 2599 Ideoque
460 2528 558 2599 impios
582 2531 719 2586 ministros
738 2548 836 2586 verum
854 2540 883 2588 et
899 2531 987 2585 susus

109 2604 312 2655 sacramentum
331 2598 523 2652 administrare
543 2615 625 2668 posse
637 2600 788 2670 negabant.
817 2600 890 2656 Vide
902 2594 986 2665 Aspre·

108 2671 126 2724 l.
146 2676 172 2725 3.
192 2669 226 2721 de
245 2666 372 2735 Baptism
400 2673 473 2722 cont.
494 2666 632 2722 Donatist.
651 2685 674 2722 c.
694 2677 718 2725 4.
743 2675 763 2722 t.
783 2676 809 2726 7.
835 2671 887 2725 col.
904 2674 953 2724 tot.
966 2658 986 2711 1).

107 2740 149 2792 At
165 2736 290 2790 minister
308 2743 416 2803 praeter
435 2741 577 2789 externum
595 2737 778 2791 ministerium
796 2737 826 2791 in
843 2733 987 2793 sectamini*
1032 2752 1034 2769 ¹

108 2807 177 2860 nihil
204 2809 336 2874 praestat.
382 2803 506 2873 Ideoque
531 2805 693 2874 improbitas
716 2805 852 2873 ministri,
878 2806 988 2871 0¹1ch

108 2873 291 2929 ministerium
305 2873 456 2926 seeundum
465 2872 520 2927 Dei
537 2875 652 2928 verbum
672 2876 857 2946 exsequentis,
874 2872 936 2929 nihil
949 2862 988 2921 ad·

108 2945 159 2999 mit
181 2941 306 3008 veritati,
329 2941 458 3012 dignitati
476 2958 507 2995 ec
525 2942 621 2996 virtuti
637 2943 646 2996 i
667 2943 724 2997 sius
743 2944 913 3000 sacramenti.
939 2928 990 3009 l¹l⁰

109 3013 212 3066 Mettis.
233 3013 277 3077 23,
296 3012 324 3064 3.
362 3010 427 3069 [Ubi
450 3009 575 3064 Christus
602 3028 637 3065 au
659 3012 698 3067 ire
713 3013 796 3082 jubet
815 3009 993 3083 pharisaeum

109 3081 242 3135 cathedra
260 3079 370 3146 Moyses
388 3079 533 3139 sedentes.)
572 3080 723 3134 Hominum
747 3080 818 3146 (sire
836 3077 996 3136 minimuum

110 3149 167 3202 sive
185 3148 354 3212 auditorum)
370 3147 550 3202 incredulitas
573 3149 658 3203 fidem
675 3149 729 3204 Dei
747 3169 804 3206 non
820 3151 886 3206 iacit
901 3146 996 3202 irritfflr

108 3219 190 3272 Rom.
203 3219 231 3281 3,
248 3219 275 3268 3.
304 3217 366 3269 Nec
382 3218 481 3283 refert,
499 3226 592 3270 atram
604 3235 662 3287 per
680 3220 809 3274 eoadem
820 3222 864 3275 oel
874 3210 1000 3288 lapw
