2250 3772
113 118 178 185 250
247 116 354 204 Caput
374 119 417 186 Π.
460 121 513 185 De
532 122 679 207 symbolo
701 121 886 209 apostolico.

113 292 173 340 tum
191 292 329 352 naturam,
349 288 486 342 actionem
506 294 535 342 et
551 290 721 344 voluntatem
740 306 774 345 ex
790 290 899 346 duabus
914 290 1037 347 mnam

114 360 143 409 et
160 356 339 426 compositam
348 355 457 411 Christo
469 357 659 429 assignabant,
671 359 823 428 Nicephor.
835 358 897 416 libr.
910 364 948 415 18.
956 358 1041 414 hist-

113 425 210 479 eccles.
230 443 253 479 c.
274 432 306 480 15
326 443 382 496 seq.
401 427 452 480 col.
468 432 533 481 1154
546 445 621 499 seqq.
654 436 677 481 5.
696 429 877 497 Eutychiani,
896 429 943 501 qni
956 428 1041 499 pout

111 494 215 547 factam
233 494 363 549 unionem
380 511 465 548 unam
483 499 592 550 tantum
609 501 737 550 naturam
756 496 874 566 Christi,
890 496 1043 569 nobisque

111 579 167 616 non
189 563 460 631 consubstantialem,
480 565 529 618 scd
542 581 575 618 ex
594 565 684 620 carnis
698 583 731 620 ac
738 565 861 621 Deitatis
870 564 1046 622 submotis

112 631 260 685 conflatam
287 632 492 687 asseverabant.
525 632 600 689 Vide
621 635 721 689 concil.
741 635 911 691 ctauedon.
928 641 978 691 cet.
998 636 1047 689 1.

112 705 164 754 vol.
173 706 196 755 2.
206 701 345 757 concilior.
354 718 419 772 pag.
429 707 516 756 lita
530 704 684 759 Promoti.
693 704 889 762 solbamus.
898 710 1044 775 milla.

111 768 249 837 Adeoque
265 787 368 831 omnes,
395 770 444 841 qui
461 787 572 851 quoquo
590 772 673 826 modo
691 779 807 828 natiuae
824 772 960 828 humanas
973 786 1047 827 re-

111 836 222 891 ritatem
249 837 306 893 siva
332 838 436 893 directe
459 857 516 894 sive
538 840 650 911 oblique
672 847 777 923 negant
799 858 832 895 ac
852 842 1046 915 oppugnant.

111 907 211 959 Nescit
224 908 322 976 plone,
341 909 428 960 vitam
447 926 527 961 suam
544 911 640 976 nescit,
661 926 710 978 qm
721 912 822 966 Jesum
835 910 974 965 Cbrs'stssm
985 911 1048 965 ul

110 978 321 1098 Ἆενοᾶζτηρῒεαπι,
340 977 383 1029 ita
391 985 426 1112 )et
438 995 533 1030 verum
545 979 682 1032 bominem
693 983 814 1051 iqnorut,
832 981 929 1035 Hilcr.
938 979 982 1035 lib.
992 982 1046 1034 9·

132 1059 147 1096 c
205 1062 264 1100 rm.
283 1063 310 1115 p.
333 1051 389 1100 116.

111 1162 140 1223 9.
181 1154 273 1233 Quod
292 1158 321 1218 sc'
339 1154 478 1220 Christus
495 1167 537 1218 est
551 1177 641 1218 uerus
657 1156 747 1218 Deus
769 1166 798 1218 et
818 1175 908 1217 verus
921 1155 1046 1225 tomo,

110 1264 214 1309 aunon
229 1243 321 1306 etiam
342 1242 375 1302 iu
389 1242 458 1323 ipso
472 1251 543 1302 sunt
564 1241 643 1304 dicae
659 1261 823 1324 personae,
843 1240 930 1303 etsie
942 1261 1035 1303 eou-

309 1336 469 1408 sequeater
488 1327 548 1387 duo
571 1328 663 1390 etiarn
686 1323 825 1389 Chresti?

194 1425 404 1511 Nequaquam
411 1449 422 1506 ,·
453 1449 536 1490 unus
565 1426 651 1491 enim
673 1436 721 1490 est
743 1425 903 1489 Dominus
922 1426 1042 1494 Jesufl

111 1510 269 1588 Christus,
293 1513 321 1578 1.
337 1512 405 1576 Cor.
421 1513 451 1596 8,
466 1513 497 1588 6,
518 1522 549 1576 et
569 1534 652 1574 unus
666 1510 823 1574 mediator
838 1505 1039 1595 θεᾶνθρω-

109 1622 185 1673 rroc,
208 1599 237 1664 1.
264 1598 341 1661 Tim.
360 1599 398 1673 2,
418 1597 454 1673 5,
481 1606 512 1660 et
539 1620 604 1660 una
632 1596 726 1680 hujus
748 1617 902 1682 persona3
936 1594 1038 1659 duce

108 1704 184 1746 vero
207 1693 281 1746 sunt
302 1682 446 1765 ejusdem
468 1678 635 1745 distinctae
657 1692 788 1745 naturae
810 1680 895 1744 inter
915 1702 948 1745 se
965 1678 1038 1743 in·-

107 1767 211 1832 viccm
230 1768 347 1833 unitae.

178 1868 245 1933 (Ubi
270 1874 337 1922 nota
362 1867 509 1922 axiomata.
546 1873 568 1921 1.
589 1866 718 1919 Cleristus
736 1885 809 1919 renus
829 1875 885 1933 est,
902 1884 955 1920 usu
969 1878 1025 1917 es-

107 1938 198 1991 sentia
216 1938 273 1990 sisc
290 1945 396 1989 natura
417 1938 471 2001 (est
490 1936 562 1989 enim
581 1941 609 1990 et
620 1935 698 1989 Deus
712 1940 741 1988 et
757 1935 860 2000 homo),
878 1937 930 1988 sed
943 1944 1026 1987 usu-⁹

105 2024 237 2075 persono.
268 2005 343 2059 Hinc
356 2006 432 2058 dicta
445 2010 488 2059 cst
502 2005 593 2058 unitas
605 2020 747 2075 personae,
763 2004 792 2057 in
804 2021 861 2074 qua
872 2020 935 2058 cum
944 2002 1025 2055 duas

106 2082 221 2128 naturae
241 2074 309 2140 sint,
328 2074 430 2127 dicitur
448 2078 611 2126 naturarum
628 2072 703 2139 unio,
723 2073 782 2127 sive
801 2073 897 2139 unitio,
915 2073 1021 2127 lucore·

108 2144 137 2196 id
158 2150 207 2203 cst,
229 2158 379 2196 concursus
401 2143 429 2195 in
448 2159 531 2195 unam
549 2158 704 2211 personam.
744 2142 826 2195 2121
848 2142 954 2196 Christo
968 2139 1021 2217 eft

107 2210 174 2264 ἄλλο
193 2210 335 2275 scillite,
355 2212 438 2264 atirtd
454 2220 537 2279 atquc
556 2212 640 2264 eliud
660 2218 769 2279 (nempe
789 2210 845 2264 alia
864 2204 1017 2281 acquestus

106 2283 227 2346 natura),
246 2282 298 2332 ced
315 2298 371 2333 reon
386 2278 469 2339 ἄλλος
481 2285 527 2333 καὶ
537 2274 620 2338 ἄλλος
633 2280 708 2332 alites
721 2288 805 2346 atque
816 2280 893 2332 alius
910 2284 1015 2348 (nempe

106 2348 162 2402 alia
187 2353 272 2418 atquc
298 2348 354 2402 alia
372 2353 515 2417 personat,
547 2350 713 2402 Theodoret.
733 2348 838 2418 dialog.
858 2354 882 2403 2.
909 2353 966 2401 tom.
984 2342 1015 2395 2.

106 2436 133 2487 p.
152 2423 211 2473 240.
229 2416 263 2472 A.
304 2424 327 2473 3.
349 2417 476 2470 Coris-so
494 2419 619 2471 subsistit
638 2419 668 2469 iu
686 2416 926 2485 demonstratoris,
941 2420 1015 2467 em

106 2487 217 2539 stuobus
235 2486 353 2543 staturis.
376 2495 402 2538 ct
419 2489 493 2539 (lime
509 2487 576 2540 illoc
592 2494 711 2539 naturae
719 2487 912 2552 personaliter
922 2480 1014 2537 unth

104 2564 258 2608 cirritanus
279 2555 421 2621 Christus,
444 2558 615 2609 Damascos.
638 2555 657 2610 l.
674 2560 705 2609 3.-
719 2553 826 2610 orthod.
853 2554 900 2610 fid.
914 2568 966 2622 esp.
985 2546 1016 2597 3·

104 2640 168 2695 pag.
193 2630 240 2679 172
262 2629 291 2677 ct
306 2640 366 2693 cap.
385 2631 409 2678 1.
427 2641 492 2694 pag.
517 2626 585 2683 rect

128 2730 176 2794 10.
216 2728 302 2807 Quce
324 2731 417 2812 ibitur
443 2741 472 2793 et
493 2730 593 2813 qualis
613 2740 657 2793 est
679 2731 815 2792 decorum
835 2719 998 2805 Ιιανιιηιὶἶῑ

344 2813 468 2876 Christo
489 2826 674 2877 staturarum
692 2814 787 2875 osuio?

190 2916 248 2977 Est
270 2913 347 2978 unio
368 2913 555 2999 personalis,
578 2914 654 2996 quia
675 2914 708 2976 in
730 2935 869 2999 persona
882 2904 941 2977 τού
955 2890 1027 2970 λό’

104 3022 162 3081 yor-
182 2999 266 3063 facta
287 3014 317 3062 ct
340 2999 373 3062 in
395 2999 508 3063 eadem
528 3012 663 3082 utraque
685 3016 799 3062 natura
820 2996 980 3061 subsistit·

174 3098 296 3164 (Dicitur
313 3098 476 3169 personalis,
494 3115 511 3151 a
530 3098 648 3152 termino
661 3099 700 3180 ad
716 3115 806 3169 quem,
825 3098 892 3167 qnia
909 3096 939 3150 in
955 3084 1039 3163 90¹1

104 3183 172 3220 sona
191 3166 222 3221 fit
240 3168 305 3222 unio
325 3169 444 3221 duarum
458 3176 629 3229 naturarum,
648 3178 675 3222 ct
694 3186 721 3220 m
740 3184 888 3236 personam
907 3171 956 3223 τοῦ
985 3151 1045 3201 ²⁰¹
