2250 3772
112 222 177 289 674
304 218 457 305 Syllebus
478 242 585 285 rerum
609 230 642 285 et
662 221 846 291 verborum.
873 312 879 323 ι

147 389 332 444 instrumenta
358 386 567 460 justificationis
589 394 663 443 sunt.
691 394 753 444 373.
803 388 944 445 definitur.
967 395 1015 446 479.

148 455 278 532 ἄγραφος
306 462 356 513 884.
392 463 450 513 480.
504 456 626 512 humana
661 458 813 514 autoritate
842 476 897 513 nee
920 459 1017 514 institui

147 544 201 583 nec
225 527 328 582 mutari
353 531 477 595 possunt.
510 531 571 582 483.
620 525 779 581 efficaciam
804 544 887 582 88848
913 546 967 583 888
988 527 1017 599 ab

147 597 302 652 intentione
332 613 382 650 seu
408 594 543 665 dignitate
567 594 687 650 ministri
714 596 880 651 sortiuntur.
910 599 1020 652 ibidct

150 671 210 722 592.
249 666 310 736 ejus
334 665 468 732 materia,
495 669 606 718 terrena
629 669 659 718 et
678 665 817 720 coelestis.
836 671 898 722 483.
932 665 1021 722 Confer

149 741 209 791 503.
245 733 448 788 administratio
460 740 503 788 est
513 733 610 788 eedem
624 739 653 787 et
666 734 831 803 communis,
853 735 952 790 modus
965 752 1020 790 vero

148 803 358 884 diversissimus.
381 801 432 882 484
450 819 490 872 sq.
516 807 576 857 538.
613 801 695 858 analo
718 803 745 856 'a
770 803 935 886 admittitur
950 821 1019 876 gene·

146 870 534 1006 turumberti
552 875 664 994 tri.
682 872 1021 1002 ..irretierit

146 1026 241 1065 eorum
259 1007 336 1063 fines.
358 1013 407 1063 485
426 1013 455 1062 84
472 1011 531 1062 487.
566 1014 632 1063 sunt
650 1024 758 1080 organa
777 1027 828 1064 888
848 1010 1021 1066 instrumenti

146 1077 268 1132 divinam
281 1072 586 1147 8488888881888448.
607 1082 665 1132 485.
692 1094 745 1132 888
755 1085 856 1134 tamen
869 1081 1020 1150 qualitatem

145 1147 335 1202 inhaerentem
353 1146 458 1200 hubent
475 1150 525 1199 eut
543 1145 664 1216 gratiam
681 1163 715 1200 ex
733 1163 820 1216 opere
839 1155 1021 1216 operatoeon·

144 1217 248 1272 ferunt.
268 1220 317 1270 486
338 1221 366 1268 84
384 1220 442 1268 592.
476 1220 541 1267 sunt
561 1214 707 1285 signacula
723 1216 898 1284 promissam
916 1218 1021 1340 qratiam

146 1283 345 1339 confirmantia.
364 1288 421 1338 485.
440 1288 499 1339 487.
542 1283 650 1336 Veteris
675 1285 801 1339 Tectam.
827 1285 922 1340 deseri
942 1294 1021 1340 untur.

145 1359 204 1410 488.
228 1356 413 1407 recensentur.
431 1351 499 1406 ibid.
523 1351 558 1408 N.
570 1351 646 1406 Test.
659 1352 868 1410 describuntur.
889 1362 948 1411 499.
969 1372 1023 1410 con·

144 1422 261 1477 veniunt
285 1421 357 1475 inter
384 1437 414 1474 88
437 1420 666 1501 quadrupliciter.
694 1427 752 1476 490.
793 1422 859 1477 Vet.
882 1424 958 1479 Test.
975 1441 1021 1477 non

145 1491 224 1545 fuere
244 1491 322 1543 nude
333 1489 421 1559 signa.
440 1489 509 1543 ibid.
548 1489 681 1543 differunt
692 1489 728 1543 ab
741 1490 866 1546 invicem
878 1493 1022 1562 tripliciter.

144 1564 203 1614 491.
236 1558 408 1628 singulorum
420 1559 530 1637 objecta
536 1576 593 1627 pro
613 1559 661 1612 ria
672 1565 866 1614 recensentur.
888 1567 949 1620 491.
977 1562 1022 1615 duo

145 1631 255 1681 tantum
273 1631 338 1679 sunt
351 1628 434 1680 etiem
449 1644 478 1679 m
489 1627 559 1682 Nov.
600 1632 649 1680 est.
668 1633 727 1683 492.
766 1634 961 1700 contemptus,
976 1647 1022 1684 non

145 1696 264 1766 privatio
284 1696 450 1749 sacramenti
469 1695 590 1748 damnat.
611 1701 727 1766 519888.
761 1707 946 1754 sacramenta
957 1698 1022 1756 Ν.Τ.

144 1766 226 1836 signa
247 1763 400 1886 exhibigiva
425 1768 453 1819 84
477 1764 725 1833 communicativa,
747 1765 806 1819 κατ’
839 1769 944 1837 ἐξοχὴν
960 1772 1021 1822 sunt

110 1903 262 1972 Sacrificio
285 1902 342 1954 Vet.
364 1903 440 1954 Teet.
458 1917 491 1954 ex
510 1898 565 1953 fide
579 1900 639 1954 fieri
656 1900 808 1958 debebant.
829 1909 873 1960 52.
912 1906 1022 1960 adventu

144 1972 248 2027 Christi
267 1971 423 2025 debuerunt
442 1985 558 2023 8888848.
576 1975 617 2023 53.
651 1969 725 2025 Vide
744 1972 806 2023 Len
820 1975 1021 2026 ceremonialia

111 2041 292 2109 scorpiorum
308 2040 421 2102 Christi,
440 2040 512 2092 84818
530 2038 711 2108 distinguitur
728 2039 757 2092 in
778 2048 933 2096 cruentum
953 2042 1021 2097 etin·

110 2111 310 2175 Soeriiepium,
330 2107 503 2161 describitur.
525 2113 581 2161 124.
778 2106 951 2180 [cruentum.
969 2118 1019 2166 599.

112 2179 209 2247 Solus,
226 2194 281 2230 non
301 2183 342 2231 884
360 2175 609 2230 844488881884848.
627 2180 685 2231 334.
718 2175 820 2230 iisdem
841 2186 957 2234 8888484
967 2196 1021 2233 cau·

144 2248 195 2314 848,
225 2247 326 2316 quibus
343 2244 515 2314 justificatio.
535 2250 593 2299 372.
618 2251 677 2299 419,
714 2244 796 2298 bouis
814 2249 953 2316 operibus
971 2256 1021 2302 tm-

144 2333 228 2386 quem
251 2314 317 2368 fidoi
341 2314 449 2367 effectis
476 2312 649 2367 adscribitur.
674 2318 732 2368 384.
757 2320 822 2369 436.
868 2326 949 2370 88448
971 2333 1021 2372 esse

142 2388 242 2454 potest.
286 2389 335 2437 385
367 2399 423 2452 seq.
478 2383 538 2462 ejus
564 2397 664 2435 888888
694 2387 722 2435 84
753 2384 850 2437 media
883 2403 1020 2440 recensen-

142 2461 196 2508 tur.
225 2458 282 2507 491.
325 2468 381 2504 888
407 2455 472 2503 8884
495 2450 615 2504 invicem
641 2452 835 2520 opponendae.
863 2459 927 2511 383.
965 2453 1020 2507 fidei

143 2523 225 2576 unice
243 2519 429 2574 adscribenda
445 2524 494 2574 884.
517 2525 567 2575 419
581 2536 638 2588 seq.
673 2519 754 2574 certis
774 2522 879 2575 mediis
901 2522 1020 2578 determi-

142 2598 210 2645 8848
229 2596 278 2644 884.
300 2596 358 2644 412.
378 2593 437 2643 414.
458 2593 516 2643 598.
548 2589 681 2656 competit
695 2588 778 2641 etiem
792 2589 1020 2646 infantibucante

141 2659 311 2728 baptismum
331 2656 488 2710 demortuis.
511 2662 569 2710 529.

108 2729 306 2795 Sanctifiearo,
323 2744 376 2779 vox
394 2725 554 2794 explicatur.
575 2729 616 2779 86.

109 2796 350 2860 Sanctificatiooic
368 2813 447 2862 opor,
466 2793 631 2862 specialiter,
651 2790 722 2860 Spir.
741 2809 762 2844 s.
780 2792 931 2848 tribuitur.
951 2801 1004 2851 313.

109 2867 211 2921 Sancti
225 2864 371 2930 demortui,
389 2862 426 2916 ad
441 2862 624 2916 invocandum
637 2859 781 2930 propositi,
801 2861 842 2915 dii
853 2863 942 2918 814884
954 2869 1019 2918 8884.

142 2943 183 2991 60.
219 2950 275 2987 888
292 2931 448 2986 invocandi.
467 2933 536 2983 ibid.
554 2936 582 2985 et
602 2936 651 2985 432
666 2942 730 2999 seq!
759 2927 816 2984 fide
837 2937 867 2985 et
889 2934 950 2987 vita
967 2933 1018 2986 imi·

144 3003 230 3057 tendi.
249 3008 290 3057 89.
310 3006 369 3055 436.
405 3017 461 3054 888
474 3004 539 3053 8884
556 3000 751 3053 intercessores
762 3000 859 3052 nostri.
883 3007 943 3056 432.
974 3018 1019 3055 nee

141 3089 236 3126 eorum
263 3069 397 3140 reliquiae
428 3069 633 3122 canonizandae
662 3074 735 3122 8884.
766 3074 819 3122 436
839 3085 919 3141 seqq.
961 3071 1019 3134 oiri,

141 3157 236 3194 eorum
252 3145 362 3210 egestas
381 3137 563 3191 sublevanda.
586 3143 641 3191 139.
679 3135 748 3204 ipsis
773 3136 891 3206 adjacet
913 3139 1018 3193 malum.

142 3213 199 3262 182.
236 3210 366 3262 (14888484
383 3206 448 3259 Filii
466 3207 527 3260 Dei.
551 3211 610 3261 347.
640 3204 751 3258 illorum
771 3222 831 3259 888
849 3214 1019 3261 884888888-

137 3275 191 3330 848.
211 3282 270 3331 333.
304 3276 356 3330 viri
374 3275 576 3330 describuntur.
596 3279 654 3329 437.

101 3345 206 3402 Sancti
227 3346 258 3398 V.
289 3346 321 3400 Τ.
347 3344 512 3412 juramentis
536 3343 580 3397 usi
603 3342 689 3397 fuere.
717 3346 760 3395 77.
798 3342 830 3396 48
849 3341 1018 3398 matrimonio
