2250 3772
369 241 423 307 De
442 241 547 306 forma
567 242 728 329 baptismi.
943 243 1010 310 505

95 408 178 480 siam,
195 410 294 481 oleum,
311 411 406 465 vinum
427 411 553 466 adhiberi
607 428 654 466 ssa
669 416 778 481 putant.
804 414 869 466 Bes.
887 411 967 482 epist.
985 416 1011 470 2.

95 480 153 536 rol.
167 486 198 536 θ.
216 499 244 552 p.
266 486 322 537 teo.
364 480 436 544 Quia
460 481 533 534 enim
581 481 688 535 ominus
712 497 841 550 expresso
860 480 1011 535 institutio·

95 548 143 603 nis
159 549 248 604 verbo
265 566 367 620 aquarn
383 550 548 604 elementum
564 549 696 619 baptismi
714 549 864 612 constituit,
880 550 951 603 nulli
962 550 1010 604 bo·

96 618 216 683 minum,
233 618 316 673 etiarn
334 618 387 672 sub
404 618 461 672 ullo
475 618 648 672 necessitatis
659 623 812 687 praetextu,
831 619 948 673 eandem
960 618 1010 671 inr-

97 693 210 742 mutare
235 694 264 742 et
280 687 404 759 quemvis
422 687 556 757 liquorem
574 687 659 740 alium
676 687 851 755 substituere,
868 687 1009 758 integrum

97 757 160 811 erit
197 756 258 811 Nec
281 765 383 810 temere
402 755 446 809 hic
464 755 636 810 necessitatis
661 773 756 810 casum
779 755 884 826 fingere
904 756 1010 824 licebit,

95 842 165 880 cum
181 825 279 896 quovis
300 830 436 879 terrarum
460 825 520 878 loco
548 841 683 894 aquarum
702 824 783 894 copia
800 824 898 880 haberi
934 824 1011 892 ossit,

94 900 127 949 et
143 895 174 948 in
192 894 422 948 substantialibus
437 901 670 947 sacramentorum
687 894 806 948 mutatio
823 895 904 948 nulla
913 843 1010 948 locum

90 960 220 1031 habeat)

135 1101 187 1167 13.
230 1101 338 1166 Roda
353 1125 455 1187 porro
477 1126 543 1166 rem
563 1100 719 1166 coelestem
740 1103 888 1185 baptismi
907 1124 971 1166 esse

388 1187 541 1271 Spiritum
561 1185 724 1250 sanctum?

185 1288 298 1364 Ρνοόο,
327 1287 403 1370 quia
426 1285 570 1352 Christus
599 1287 716 1350 diserte
740 1284 878 1373 Spiritus
906 1288 1009 1351 sancti

94 1371 295 1436 mentionem
322 1372 409 1448 facit,
442 1374 515 1436 dola
538 1374 568 1448 3,
591 1374 621 1439 5.
673 1371 745 1435 Nisi
778 1371 849 1456 quis
881 1385 1011 1437 renatus

91 1455 195 1522 luerit
217 1479 258 1521 ex
279 1480 362 1542 aqua
382 1468 414 1521 et
438 1456 568 1543 Spiritu.

170 1575 240 1642 (Ubi
255 1583 339 1629 nota:
363 1575 484 1631 Perinde
502 1592 575 1643 esse,
600 1574 658 1630 sive
676 1576 768 1641 dicas,
795 1574 928 1646 Spiritum
945 1594 1008 1631 san·

94 1648 176 1698 ctum
194 1660 255 1699 esse
271 1662 329 1699 rem
349 1645 496 1700 coelestem
513 1643 657 1713 baptismi,
680 1645 738 1700 sive
764 1652 851 1700 totam
869 1662 1009 1699 sacrosan·

95 1718 175 1767 ctam
197 1712 370 1769 Trinitatem.
412 1713 464 1766 Est
488 1713 560 1767 enim
584 1712 739 1782 baptismus
764 1731 833 1782 opus
856 1713 892 1767 ad
925 1721 1011 1780 extra,

95 1798 185 1852 opera
207 1788 301 1837 autern
319 1782 463 1837 Trinitatis
489 1782 525 1836 ad
550 1788 629 1836 extra
652 1788 716 1836 sunt
737 1782 870 1851 indivisa,
900 1788 1011 1837 servato

95 1856 193 1907 tamen
210 1851 409 1921 proprietatum
429 1851 666 1922 hypostaticarum
684 1850 850 1905 discrimine.
887 1850 1008 1905 Concur-

95 1918 136 1973 rit
153 1925 248 1974 autem
264 1921 301 1973 ad
317 1920 486 1991 baptismum
499 1918 614 1989 Spiritus
633 1924 745 1973 sanctus
757 1919 908 1989 tripliciter,
932 1927 954 1974 1.
964 1936 1008 1972 ra-

95 1988 175 2043 tione
198 1988 356 2057 efficientis,
385 1988 451 2059 quia
478 1994 520 2044 est
547 1995 627 2042 autor
651 1988 794 2058 baptismi,
824 1994 846 2042 2.
866 1988 1009 2056 materiae,

95 2057 166 2129 quia
184 2064 227 2111 est
242 2073 286 2111 res
307 2058 447 2125 coelestis,
466 2064 489 2113 3.
509 2075 575 2111 usus
594 2064 623 2110 et
639 2056 769 2121 effectus,
794 2057 860 2127 quia
877 2057 906 2109 in
922 2057 1010 2111 horni-

95 2144 163 2181 nem
183 2125 352 2196 baptismum
369 2127 564 2195 suscipientem
583 2142 633 2195 per
653 2132 793 2179 externam
810 2142 912 2207 aquam
923 2125 1011 2180 verbo

95 2194 204 2251 christi
222 2202 409 2249 consecratam
430 2195 542 2261 effusus,
569 2194 686 2249 eundem
705 2212 722 2248 a
738 2202 860 2265 peccatrs
876 2196 1010 2250 emundat

95 2271 127 2319 et
146 2264 186 2318 ad
203 2281 302 2318 novam
322 2265 494 2335 spiritualem
511 2265 598 2317 vitam
614 2268 781 2333 regenerat.)

266 2417 331 2482 DE
359 2416 530 2483 FORMA
557 2416 842 2485 BAPTISML

283 2563 332 2625 14.
362 2560 448 2639 Quae
470 2573 513 2623 eat
527 2564 637 2643 ‚formo
656 2561 825 2646 baptismi?

184 2663 246 2726 Est
266 2662 426 2726 immersio
449 2661 587 2725 hominis
609 2661 790 2744 inaquam,
818 2661 884 2726 aive
902 2670 1011 2747 asperl

93 2747 221 2899 {⁰1⁶¹
242 2747 359 2845 effusio
379 2769 491 2830 aquae,
513 2746 547 2808 in
562 2746 690 2809 nomine
710 2746 817 2809 Patris
832 2758 864 2809 et
878 2747 955 2811 Filii
977 2757 1009 2812 et

122 2844 239 2919 pintus
259 2842 369 2896 sanctr.

96 3017 105 3032 .
169 2947 255 3016 (Hinc
268 2949 416 3029 eliciuntur
428 2949 497 3002 duc:
521 2955 542 3002 t.
554 2948 670 3017 perinde
687 2963 755 3014 esse,
771 2947 829 3001 sive
840 2953 915 3001 totus
927 2947 1010 3002 homo

95 3016 1011 3166 mitigiliasslulqlld’illlinlffl'iiillfflrlilffllllll‘j

146 3157 173 3208 b.
187 3158 213 3221 5,
226 3157 271 3208 26.
308 3155 464 3208 Lavacrum
483 3160 576 3208 antem
598 3159 658 3206 turn
677 3155 712 3207 de
729 3153 809 3207 totali
827 3153 1009 3221 immersione,

94 3228 157 3277 tarn
177 3223 212 3278 de
233 3224 391 3292 aspersione
402 3239 490 3294 aquae
508 3223 617 3276 dicitun
648 3221 713 3275 Vid.
731 3240 791 3291 sup.
805 3221 909 3276 definit.
923 3221 1010 3277 norni-

94 3292 140 3347 nis
154 3292 301 3362 ,baptismi
343 3299 367 3347 2.
387 3291 592 3362 Baptisandum
617 3296 725 3345 tantum
748 3290 777 3343 in
804 3291 929 3362 nomine,
952 3309 1010 3344 eoa

1036 3440 1104 3552 f
