2250 3772
98 238 142 305 84
337 237 444 326 Caput
464 239 490 304 Ι.
532 240 586 304 De
608 238 772 326 decalogo.

99 418 174 557 vJota
189 407 445 557 4qragqtiterunt,
487 410 520 473 in
557 407 731 495 Scripturis
767 406 1009 492 redarguuntur,

126 514 168 558 er.
234 541 242 573 ,
308 546 314 557 .

186 574 274 656 Quia
311 577 341 643 4.
377 589 451 642 vota
483 576 668 663 hujusmodi
710 576 891 643 frustranea
928 584 1010 653 sunt,

100 671 282 725 sanctorum
311 661 396 727 enim
424 673 548 730 statuae
571 686 589 729 e
610 661 854 728 necessitatibus
877 659 952 727 ullis
972 656 1010 725 li·

101 746 213 809 berare
234 768 300 809 non
320 759 468 833 possunt,
486 751 572 814 Paul.
596 747 668 824 115,
686 748 717 814 5.

143 840 149 869 ⁸
186 828 273 910 Quia
294 829 323 898 5.
348 832 571 897 ethnicismum
593 833 737 919 sapiunt,
769 830 909 913 ideoque
930 827 1009 895 chri-

100 913 211 979 stianis
232 916 419 1000 neutiquam
438 918 640 994 conveniunt,
660 918 744 1003 Epa.
766 916 798 993 4,
821 916 871 981 17.

170 1032 253 1097 (Vide
269 1034 335 1087 Pol.
359 1034 458 1104 Virqt'l.
477 1035 513 1090 de
530 1035 585 1090 inv.
604 1050 656 1089 rer.
674 1034 693 1089 l.
708 1040 733 1089 5.
751 1048 776 1086 c.
792 1037 814 1087 1.
832 1049 861 1102 p.
873 1036 926 1087 284
942 1032 1009 1101 seq.)

101 1170 152 1234 60.
185 1171 311 1233 Idemne
331 1184 360 1235 et
378 1174 415 1234 de
437 1175 544 1236 votivis
563 1171 864 1258 pereyrinutiouibaa
883 1170 928 1233 ad
947 1166 1011 1230 ἱοω

433 1281 524 1320 sacra
546 1253 677 1320 statuis?

186 1354 277 1420 Idem
292 1353 432 1419 omnino.
465 1354 552 1435 Quia
568 1357 596 1420 1.
613 1354 653 1418 de
668 1353 732 1417 illis
746 1373 851 1437 neque
867 1350 896 1417 l.
911 1348 1012 1417 ullum

100 1440 285 1505 mandatum
312 1437 455 1503 divinum
462 1464 471 1515 3
500 1462 606 1524 neque
631 1440 661 1503 2.
689 1437 792 1502 ullum
819 1436 1012 1523 promissum

99 1524 263 1600 divinnm3
283 1545 388 1607 neque
410 1526 439 1588 3.
461 1524 563 1588 ullum
584 1546 676 1589 exem
698 1522 765 1586 lum
784 1521 818 1585 in
838 1520 1012 1607 Scripturis

100 1610 217 1675 divinis
232 1608 403 1673 habemus:
426 1609 570 1693 adeoque
578 1619 652 1673 sunt
660 1546 755 1694 piane
763 1605 931 1683 electitiae,
963 1604 1013 1671 ui·

101 1696 162 1760 bus
178 1694 269 1758 Deus
284 1694 402 1769 frustra
416 1694 547 1781 colitur,
571 1696 629 1758 Es.
645 1694 764 1769 29,13.
784 1692 899 1757 Muttla
917 1629 969 1770 ld,
983 1692 1012 1757 9.

188 1776 275 1858 Quia
300 1780 332 1845 2.
358 1778 432 1843 hinc
458 1778 534 1843 inde
564 1778 599 1842 in
627 1777 699 1844 Scri
720 1788 792 1841 tura
816 1775 1014 1860 interdictae,

99 1866 169 1931 Jer.
193 1866 224 1941 2,
247 1864 297 1928 20.
316 1863 368 1929 24.
407 1866 457 1930 Os.
480 1865 510 1949 4,
533 1864 583 1932 15.
616 1801 729 1929 Mardi.
751 1862 803 1938 24,
824 1862 876 1929 23.
897 1862 950 1929 26.

188 1946 275 2028 Quia
296 1950 326 2016 3.
346 1971 411 2012 non
424 1948 632 2025 necessariae,
654 1946 711 2011 sed
725 1969 762 2010 su
786 1946 920 2032 erfluae,
942 1968 1016 2011 cum

101 2034 170 2099 veri
201 2034 384 2099 adoratores
413 2056 479 2099 non
510 2034 544 2097 in
564 2034 626 2099 hoc
654 2032 705 2097 vel
734 2030 742 2045 '
770 2054 807 2109 o,
840 2030 897 2096 sed
927 2029 1017 2095 omni

102 2140 233 2203 prorsus
248 2120 329 2268 lpco8
336 2140 427 2182 orare
449 2119 572 2203 possint
591 2129 624 2183 et
648 2117 797 2194 debeant,
827 2117 901 2181 Jot.
915 2117 948 2192 4.
963 2117 1016 2193 20.

106 2208 132 2266 l.
160 2206 235 2267 Tim.
279 2251 289 2280 ,
332 2257 339 2269 .

189 2285 277 2366 Quia
300 2287 331 2354 4.
350 2284 502 2349 ecclesiae
518 2286 710 2370 apostolicae
725 2285 904 2371 primitivae
919 2283 1016 2371 plane

101 2371 294 2456 incognitae.

190 2453 278 2535 Quia
307 2456 337 2521 5.
366 2455 407 2518 ab
434 2454 585 2532 ethnicis,
618 2456 735 2539 quibus
767 2476 824 2519 eae
856 2454 1018 2532 solennes,

106 2540 279 2618 traductae,
301 2543 395 2606 Deut.
420 2541 469 2623 12,
490 2541 520 2606 2.
540 2542 569 2605 3.
606 2546 632 2605 1.
656 2541 726 2603 Cor.
751 2540 801 2617 12,
822 2541 852 2606 2.

175 2665 305 2733 (Errant
322 2680 388 2734 ergo
404 2663 560 2732 pontificii,
583 2663 649 2717 dum
670 2679 726 2717 non
748 2667 806 2715 tam
822 2668 890 2717 vota
911 2662 1018 2718 sanctia

107 2733 265 2801 demortuis,
285 2737 418 2803 tanquam
436 2731 526 2786 beatis
545 2739 574 2786 et
612 2731 733 2811 loriosis,
750 2729 872 2801 itemque
890 2732 1018 2801 patronis

107 2808 136 2856 et
155 2801 353 2856 mediatoribus
375 2800 477 2854 nostris
498 2800 574 2882 apud
592 2749 696 2866 deum,
720 2816 775 2852 uno
803 2804 938 2870 tanquam
964 2800 1018 2855 dii·

107 2869 275 2942 quibusdam
293 2875 345 2924 etc.
364 2886 528 2939 nuncupem,
548 2886 633 2940 qnam
651 2867 887 2938 peregrinationes
905 2868 943 2923 ad
954 2869 1019 2924 loca

108 2938 259 2994 eomndem
276 2937 549 3061 religiosalooacil.
564 2938 645 2993 Trid.
663 2952 729 2990 sess.
743 2938 795 3002 28.)
813 2935 917 3005 suscipi
934 2952 1019 3007 posse

107 3011 242 3063 asserunt.
271 3005 345 3063 Vide
356 3007 412 3061 Bel
426 3026 495 3063 arm.
513 3006 533 3063 1.
547 3011 570 3060 3.
592 3004 627 3060 de
644 3005 722 3060 cultu
741 3010 899 3059 sanctorum
917 3010 980 3076 c.8,
991 3012 1018 3063 8.

106 3080 127 3128 t.
145 3082 170 3133 2.
187 3076 239 3130 cot
259 3080 308 3132 888
326 3093 403 3149 seqq.
432 3077 493 3129 Nec
509 3075 620 3128 obstant
639 3080 661 3129 1.
673 3074 801 3153 exempla
816 3072 1018 3141 Israelitarum,

127 3143 157 3198 ui
177 3145 326 3215 quotannis
337 3150 380 3200 ter
395 3144 433 3199 ad
444 3143 578 3214 templum
590 3141 826 3212 hierosolymrtau
837 3159 871 3197 ex
888 3141 1019 3199 instituto

106 3161 162 3268 dei
180 3230 246 3284 pere
283 3215 289 3226 '
327 3214 416 3269 tiones
432 3218 620 3333 susceperunt,
640 3214 725 3265 Deat.
740 3214 840 3275 16,16.
856 3212 926 3265 Iure.
936 3214 963 3281 2,
976 3214 1017 3266 41.

107 3282 215 3351 Joua,
265 3325 272 3338 .
295 3288 323 3352 5,
341 3287 366 3337 1.
391 3284 489 3336 Actor.
526 3320 534 3349 ‚
552 3285 576 3335 s.
590 3285 619 3336 et
632 3283 678 3349 20,
699 3283 788 3349 aseq.
809 3278 948 3335 serram.
960 3280 979 3337 1.
993 3272 1037 3335 a*
