2250 3772
212 249 264 315 De
286 249 429 334 subjecto
452 260 484 315 et
504 249 661 336 adjsmotis
683 252 923 318 circumstantis.
967 251 1030 318 593

108 416 190 473 domi
216 434 285 473 suns
312 417 509 474 eonferendum
536 434 597 475 esse
624 418 769 477 dimicant.
805 422 882 474 Boeo
902 438 950 492 qu.
971 427 1029 478 170.

111 487 170 542 vol.
181 492 206 543 3.
222 493 323 557 12352.
360 490 470 542 Buoon.
490 487 577 543 inuit.
594 488 678 543 theol·
691 493 741 545 art.
755 494 797 545 ts.
816 507 842 572 q.
858 495 915 545 130.
952 495 1027 547 ‚8³4.

109 555 141 610 A
151 572 268 627 quorum
276 562 371 613 tomen
387 556 479 627 rigore
490 555 536 610 hio
547 556 649 612 iterum
661 557 907 614 disoeditHui-on.
949 559 1028 614 onon.

110 629 143 680 et
170 625 334 680 sententiam
358 631 481 680 nostram
499 631 598 680 contro
622 626 698 707 ipsos
716 625 760 680 his
777 627 868 681 verbis
888 625 1027 683 defendit:

114 695 195 763 quod
215 694 343 748 Christus
360 695 466 747 nemini
481 712 597 748 morum
613 696 819 766 discipulorum
831 698 958 764 densant,
976 715 1028 750 oin·

110 781 167 817 nos
182 779 342 817 recusemus
360 763 493 832 aeyrotis,
512 764 568 832 qni,
589 772 739 832 antequam
755 765 820 818 hino
830 766 974 832 decedant,
992 766 1028 819 ii·

111 832 169 885 lud
190 840 334 903 enuntient,
363 832 449 900 idque
471 849 529 886 non
555 849 588 885 en
617 833 718 901 atiquo
735 833 945 902 superstitione,
977 836 1029 888 sed

112 900 214 953 onimi‘
232 901 324 968 monis
350 918 384 954 oo
407 901 499 982 moqis
520 902 692 955 consolandi
715 903 843 970 erigendi
861 919 895 956 ue
918 905 1028 956 oousa!

110 966 181 1026 vid.
200 969 282 1038 plura
301 967 348 1025 lib.
372 975 395 1023 l.
421 976 500 1040 eput.
528 970 565 1024 ad
591 969 691 1025 Johan.
717 969 828 1025 Craton.
880 970 923 1026 ed.
946 970 1026 1029 Caes.

111 1041 177 1092 tt.
196 1037 248 1094 ooL
271 1043 328 1094 134.
367 1039 428 1091 Neo
447 1039 551 1107 obstat,
579 1039 655 1109 quod
680 1056 768 1095 coena
785 1044 841 1108 est,
869 1045 899 1094 et
924 1039 1027 1095 dicitur

110 1105 280 1164 eommunis.
325 1110 435 1163 Buoon.
455 1106 536 1178 alleg.
559 1106 612 1162 loo.
652 1106 813 1162 communio
836 1108 910 1162 enim
930 1115 952 1164 1.
970 1125 1028 1164 non

109 1179 157 1231 est
174 1174 348 1230 aestimando
363 1175 394 1229 in
412 1175 530 1231 solidum
541 1191 574 1229 ex
592 1176 700 1232 unitate
712 1175 767 1230 loci
784 1176 1027 1232 conventus-Chri·

110 1242 266 1299 stianorum
283 1243 422 1313 omnium,
448 1245 497 1299 sed
514 1245 665 1324 praecipue
683 1262 716 1299 ex
735 1245 842 1300 unitate
860 1251 888 1301 et
905 1263 1026 1301 commu-

109 1311 196 1367 nione
214 1312 297 1367 unius
313 1318 342 1367 st
360 1313 485 1383 ejusdem
503 1312 610 1371 ubine
627 1318 710 1384 potus
729 1313 950 1382 sacramentalis,
989 1332 1026 1371 uo

110 1396 209 1435 omnes
226 1386 351 1438 utuntur.
384 1380 462 1436 Siout
480 1398 536 1436 uno
556 1387 585 1436 et
603 1382 700 1437 eodem
716 1383 856 1464 baptismo
869 1332 1024 1438 omousia-

109 1449 264 1521 ptinantur,
285 1450 344 1504 sive
360 1449 389 1504 in
404 1449 525 1572 Eurossn,
545 1450 650 1506 sivein
663 1451 795 1506 Amenos
815 1451 911 1507 aliisve
928 1452 1025 1507 mundi

109 1517 417 1600 regionibusfuerint·
440 1525 465 1574 2.
505 1519 573 1574 tiam
590 1519 742 1602 inprivntzis
753 1519 876 1602 'nudibus
893 1527 935 1576 est
952 1538 1026 1576 oom-

108 1586 448 1711 itissiizttitii
463 1588 1025 1727 t⁰ffiit32²tttntizttt1uitt

130 1723 228 1780 rivatis
248 1724 366 1779 oedibus
382 1729 535 1780 conventus
553 1743 617 1780 suos
629 1726 795 1790 habuerunt,
816 1733 887 1782 teste
904 1728 1024 1783 Tentuii.

107 1742 161 1850 ib.
172 1798 196 1848 2.
213 1793 250 1847 nd
267 1809 342 1848 uxor.
356 1810 380 1849 o.
389 1800 414 1850 4.
426 1799 447 1848 t.
457 1799 481 1849 2.
496 1813 523 1865 p.
538 1800 596 1863 332,
613 1796 663 1850 sed
677 1800 705 1850 et
723 1796 759 1849 nd
777 1795 905 1850 absentes
924 1797 1024 1852 suohn·

107 1861 217 1919 notiam
240 1861 410 1927 detulemnt,
438 1868 509 1918 teste
526 1864 631 1917 Jntin.
653 1863 683 1917 in
700 1864 810 1935 apolog.
829 1869 853 1919 2.
873 1881 924 1934 pro
946 1863 1024 1919 Chri-

108 1929 193 1988 stian.
212 1935 232 1984 t.
253 1936 275 1986 1.
315 1976 321 1988 .
341 1936 382 1987 98.
392 1929 427 1987 D.
468 1937 560 2001 Atque
583 1933 636 1986 huo
661 1934 696 1986 de
720 1951 808 1986 couno
828 1933 951 2002 probari
966 1951 1023 1988 nou

103 1999 702 2139 muniminum
720 2001 1023 2136 uiutttff‘tttt

109 2141 178 2192 sunt
194 2137 302 2191 Zonoit.
321 2136 367 2192 ali
386 2136 451 2204 loo.)

191 2239 254 2305 80.
292 2237 424 2316 Quando
447 2252 475 2304 et
497 2263 556 2324 quo
578 2252 711 2326 tempore
726 2240 930 2327 persennia?

197 2337 345 2405 Christus
365 2339 502 2425 primum
519 2363 651 2406 ooennm
683 2341 820 2407 instituit
839 2365 894 2408 ves
919 2343 1020 2409 ertino

110 2435 256 2511 tempore
277 2425 311 2488 in
332 2447 371 2489 en
391 2437 494 2511 nocte,
514 2449 578 2511 qun
598 2425 733 2492 traditus
754 2438 811 2514 est,
834 2430 861 2495 1.
886 2366 1020 2497 <inruit

110 2510 164 2587 11,
183 2510 240 2595 233
264 2511 378 2575 Mattio.
393 2511 446 2588 26,
464 2512 516 2589 20,
539 2512 636 2596 idque
656 2535 715 2598 pro
736 2511 818 2576 festo
840 2513 1020 2599 paschatos,

107 2595 286 2671 Marnl4,
311 2595 359 2662 12.
414 2596 465 2660 De
499 2597 613 2661 eodem
641 2619 716 2662 vero
746 2607 889 2681 tempore
919 2598 1020 2662 conti-

107 2678 239 2743 nuando
269 2701 329 2743 nos
360 2702 465 2764 neque
498 2680 632 2758 Christi,
664 2704 769 2766 neque
802 2683 1020 2766 apostolomm

106 2763 295 2829 mandatum
316 2763 481 2843 habemus,
502 2765 638 2850 ideoque
653 2765 720 2831 sive
741 2789 844 2845 mnne,
864 2767 930 2832 sive
952 2791 1019 2834 me-

105 2847 207 2926 ridie,
239 2847 306 2914 sive
326 2850 467 2937 vesperi,
497 2850 563 2917 sive
585 2861 696 2928 nocte,
717 2851 783 2916 sive
804 2851 838 2916 in
858 2852 1021 2942 paschate,

106 2933 177 2998 sivo
203 2932 266 2998 alio
313 2956 483 3020 uoounque
504 2936 587 3001 festo
609 2935 661 3001 die
685 2959 763 3023 pern
807 2946 868 3015 tur,
891 2937 1019 3004 indiffe-

91 3039 181 3084 ·rens
201 3029 257 3085 est.
329 3021 487 3085 avendum
507 3031 630 3106 tamen,
649 3044 690 3085 ne
711 3031 743 3086 et
785 3021 910 3088 iocum
929 3023 1018 3088 infir-

103 3125 233 3169 morum
254 3103 404 3170 scandolo
422 3105 584 3172 innovatio
602 3106 800 3193 suscipiatur.

214 3221 265 3288 81.
306 3221 430 3300 Quoties
451 3248 545 3290 ooeno
567 3228 719 3292 dominico
739 3226 906 3292 utendum?

192 3321 268 3388 Non
298 3324 397 3390 semel
422 3327 604 3418 tontumtin
626 3327 706 3406 vita,
734 3351 793 3394 neo
814 3328 913 3393 semel
935 3329 1017 3394 dun·
