2250 3772
471 247 653 315 Dedicatio.
950 271 1019 319 x111

96 420 242 489 rioribus
268 416 359 483 annis
380 417 523 483 unanimi
543 419 685 484 omnium
706 420 834 505 pietatis
854 422 1014 488 studioso·

96 524 174 574 rum
195 515 270 570 voto
292 503 352 568 sub
373 504 531 568 calamum
552 504 658 569 denuo
677 505 853 584 revocavit,
885 506 1015 609 illisque

97 594 187 658 inter
208 589 287 654 alias
310 588 410 654 officii
431 589 481 654 sui
501 589 623 675 publici
644 590 826 677 frequentes
851 592 1015 658 molestras

96 689 280 745 extremam
319 698 450 740 manum
489 674 680 761 expoliendo
717 699 754 742 ac
789 677 1014 764 locupletando

96 761 262 838 admovit,
294 769 329 823 ut
350 759 538 846 propediem
558 759 630 825 illas
651 761 738 846 ipsas
760 761 800 826 ad
820 762 941 848 largius
963 785 1016 828 ec-

97 847 219 914 clesiae
238 845 441 911 commodum
455 844 560 931 (cujus
579 845 715 910 salutem
733 859 765 912 et
784 846 1017 913 incrementum

98 954 231 1017 semper
259 930 407 996 omnibus
439 929 597 1014 quaesivit
627 931 745 1007 nervis)
771 931 897 997 noviter
928 933 1015 1019 typis

99 1016 329 1083 describendas
364 1015 474 1101 praelo
514 1015 694 1099 subjiceret.
743 1014 1037 1104 Quandoquidem·
1065 1078 1068 1083 .

101 1114 212 1168 autem
232 1101 431 1166 venerandus
452 1100 579 1186 genitor
599 1123 707 1180 meus,
728 1102 817 1187 pium
839 1101 901 1166 hoc
922 1126 1016 1167 suum

162 1185 314 1272 positum,
334 1184 591 1273 inperserutabili
611 1186 676 1250 Dei
697 1186 774 1265 fato,
797 1186 926 1252 effectui
939 1188 1016 1255 dare

98 1210 192 1338 idid
211 1271 320 1355 valuit,
346 1271 424 1335 dum
442 1271 504 1336 hoc
525 1271 596 1357 ipso
618 1271 719 1357 elapsi
739 1270 824 1350 anni,
846 1295 910 1356 quo
935 1273 1016 1339 haec

100 1357 212 1423 scribo
239 1356 306 1432 die,
339 1354 436 1420 eheu!
468 1378 534 1419 non
560 1367 633 1420 ⁴tam
653 1357 687 1420 in
714 1357 778 1421 mei
797 1379 1016 1442 meorumque,

100 1465 204 1527 quam
223 1440 375 1506 ecclesiae
407 1440 579 1506 christiana
596 1442 757 1524 jacturam
784 1439 871 1506 felici
897 1442 931 1507 in
952 1454 1016 1508 ter·

100 1528 150 1592 ris
177 1526 242 1590 fine
265 1525 367 1590 vitam
395 1525 523 1603 clausit,
550 1535 582 1590 et
602 1524 706 1591 offusa
725 1525 815 1590 fatali
835 1539 900 1592 tem
924 1551 1016 1592 orum

101 1623 202 1696 atque
223 1632 329 1675 rerum
350 1610 487 1709 caligine
499 1611 672 1676 exstinctus
686 1610 756 1689 fuit,
772 1609 876 1697 (cujus
892 1636 910 1677 o
935 1613 1015 1677 itum

99 1698 237 1762 beatum
256 1695 362 1760 verbis
397 1695 492 1760 simul
525 1706 556 1759 et
576 1695 726 1760 lacurmis
748 1696 839 1760 seriis
861 1697 937 1761 satis
959 1698 1017 1763 de-

98 1781 231 1869 plorare
262 1780 403 1860 nescio),
435 1802 592 1845 summam
620 1780 698 1844 mihi
729 1781 919 1866 religionem
946 1783 1017 1848 fore

101 1865 201 1950 duxi,
232 1864 260 1927 si
291 1887 356 1930 non
380 1864 571 1929 immensum
596 1869 682 1930 hunc
703 1866 843 1951 parentis
871 1866 1017 1932 laborem

99 1972 232 2017 sacrum
258 1973 377 2036 magna
400 1949 463 2014 fide
495 1959 526 2015 et
546 1950 734 2016 dexteritate
755 1950 796 2014 ab
818 1950 943 2038 integro
965 1974 1016 2017 re·

100 2035 272 2121 cognitum
296 2046 392 2118 atque
413 2034 611 2120 adparatum,
630 2035 723 2120 aride
745 2058 764 2099 a
784 2035 883 2099 musis
908 2036 1016 2102 hacte-

99 2143 168 2187 nus
192 2129 419 2206 exspectatum,
439 2119 536 2184 etiam
550 2120 654 2185 forma
667 2120 728 2185 hac
741 2121 872 2204 majore,
892 2121 926 2185 in
941 2145 1016 2208 gra·

100 2207 186 2270 tiam
198 2205 396 2269 literatorum
410 2204 581 2283 seniorum,
602 2228 711 2270 rursus
726 2203 812 2270 foras
828 2205 1016 2285 emitterem,

99 2291 231 2374 hocque
256 2289 440 2354 ulteriorem
468 2288 573 2354 famae
601 2301 633 2354 et
654 2290 784 2355 honoris
803 2292 927 2376 paterni
948 2292 1016 2378 cip-

99 2397 184 2464 pum
205 2373 369 2462 publicum
383 2396 543 2459 ponerem.
580 2373 665 2440 Cum
686 2375 784 2461 igitur
804 2376 916 2441 ultima
937 2377 1017 2442 haec

102 2459 308 2526 catecheseos
339 2459 597 2524 Dieteriohianae
628 2460 725 2526 editio
753 2461 869 2525 iterum
896 2462 930 2525 in
956 2485 1016 2548 pu-

100 2544 227 2610 blicum
246 2555 448 2630 properaret,
469 2555 519 2621 te,
540 2567 695 2630 generose
716 2545 783 2610 Dn.
804 2546 884 2610 baro
904 2556 936 2610 et
958 2569 1016 2611 no-

100 2629 181 2694 bilis
192 2628 329 2714 domine,
341 2629 538 2694 orthodoxae
550 2629 743 2694 confessioni
754 2630 1015 2710 addictissimum,

100 2713 279 2798 literarum,
301 2735 338 2778 ac
361 2714 559 2779 literatorum
580 2714 840 2799 amantissimum,
861 2739 927 2781 non
950 2728 1016 2782 tam

100 2798 148 2864 ob
170 2799 346 2898 gratiosum
378 2799 536 2876 favorem,
568 2822 664 2883 quam
691 2799 934 2865 beneficentiam
958 2825 1016 2886 pa-

100 2893 190 2948 renu
209 2905 282 2947 meo
304 2883 377 2948 vivo
399 2883 532 2968 largiter
552 2884 747 2970 praestitam,
768 2907 887 2950 novum
907 2898 1016 2970 patro·

101 2989 184 3032 num
203 2968 361 3047 illustrem
377 2978 413 3032 ut
436 2979 488 3033 ote
509 2969 543 3032 in
564 2969 629 3034 vita
645 2970 714 3053 jam
735 2993 755 3034 a
777 2969 922 3055 genitore
944 2993 1016 3035 meo

101 3076 139 3140 p.
158 3075 200 3116 m.
226 3053 379 3130 electum,
410 2992 545 3118 dilectae
574 3054 737 3138 genitricis
766 3053 911 3139 nomine,
941 3056 1016 3122 huic

99 3159 294 3288 puaererel,
309 3137 461 3222 illamque
490 3137 550 3202 tibi
578 3138 755 3205 dedicando
784 3139 946 3207 humiliter
967 3141 1016 3207 of·

116 3245 188 3288 erre
208 3244 249 3288 vo
262 3246 305 3290 u1.
