<?xml version="1.0" encoding="UTF-8"?>
<!DOCTYPE html PUBLIC "-//W3C//DTD XHTML 1.0 Transitional//EN"
    "http://www.w3.org/TR/xhtml1/DTD/xhtml1-transitional.dtd">
<html xmlns="http://www.w3.org/1999/xhtml" xml:lang="en" lang="en">
 <head>
  <title>
</title>
<meta http-equiv="Content-Type" content="text/html;charset=utf-8" />
  <meta name='ocr-system' content='tesseract 3.04.00' />
  <meta name='ocr-capabilities' content='ocr_page ocr_carea ocr_par ocr_line ocrx_word'/>
</head>
<body>
  <div class='ocr_page' id='page_1' title='image "./dconradidieteri00dietgoog_0028.png"; bbox 0 0 2250 3772; ppageno 0'>
   <div class='ocr_carea' id='block_1_1' title="bbox 228 244 978 314">
    <p class='ocr_par' dir='ltr' id='par_1_1' title="bbox 228 244 978 314">
     <span class='ocr_line' id='line_1_1' title="bbox 228 244 978 314; baseline -0.001 -4"><span class='ocrx_word' id='word_1_1' title='bbox 228 244 392 310; x_wconf 86' lang='lat' dir='ltr'>Praefatio</span> <span class='ocrx_word' id='word_1_2' title='bbox 414 245 555 312; x_wconf 85' lang='lat' dir='ltr'>facultet.</span> <span class='ocrx_word' id='word_1_3' title='bbox 577 246 673 313; x_wconf 83' lang='lat' dir='ltr'>theol</span> <span class='ocrx_word' id='word_1_4' title='bbox 696 245 803 314; x_wconf 86' lang='lat' dir='ltr'>Giess.</span> <span class='ocrx_word' id='word_1_5' title='bbox 910 264 978 310; x_wconf 79' lang='lat' dir='ltr'>xxu</span> 
     </span>
    </p>
   </div>
   <div class='ocr_carea' id='block_1_2' title="bbox 47 415 1068 3389">
    <p class='ocr_par' dir='ltr' id='par_1_2' title="bbox 47 415 1068 3389">
     <span class='ocr_line' id='line_1_2' title="bbox 90 415 978 501; baseline 0.005 -25"><span class='ocrx_word' id='word_1_6' title='bbox 90 422 211 492; x_wconf 73' lang='lat' dir='ltr'>manum,</span> <span class='ocrx_word' id='word_1_7' title='bbox 239 416 425 482; x_wconf 85' lang='lat' dir='ltr'>Johannem</span> <span class='ocrx_word' id='word_1_8' title='bbox 446 417 609 493; x_wconf 71' lang='lat' dir='ltr'>Humum,</span> <span class='ocrx_word' id='word_1_9' title='bbox 638 416 875 501; x_wconf 84' lang='lat' dir='ltr'>Hieronymum</span> <span class='ocrx_word' id='word_1_10' title='bbox 895 415 978 480; x_wconf 85' lang='lat' dir='ltr'>Pra-</span> 
     </span>
     <span class='ocr_line' id='line_1_3' title="bbox 90 500 1068 586; baseline 0.004 -24"><span class='ocrx_word' id='word_1_11' title='bbox 90 518 195 582; x_wconf 83' lang='lat' dir='ltr'>gensem</span> <span class='ocrx_word' id='word_1_12' title='bbox 218 511 294 586; x_wconf 82' lang='lat' dir='ltr'>etc,</span> <span class='ocrx_word' id='word_1_13' title='bbox 314 523 352 566; x_wconf 92' lang='lat' dir='ltr'>ac</span> <span class='ocrx_word' id='word_1_14' title='bbox 376 524 416 566; x_wconf 91' lang='lat' dir='ltr'>ex</span> <span class='ocrx_word' id='word_1_15' title='bbox 435 501 578 566; x_wconf 86' lang='lat' dir='ltr'>ecclesiis</span> <span class='ocrx_word' id='word_1_16' title='bbox 595 501 796 586; x_wconf 72' lang='lat' dir='ltr'><strong>Africanam,</strong></span> <span class='ocrx_word' id='word_1_17' title='bbox 819 512 851 566; x_wconf 92' lang='lat' dir='ltr'>et</span> <span class='ocrx_word' id='word_1_18' title='bbox 872 500 978 568; x_wconf 85' lang='lat' dir='ltr'>Grae·</span> <span class='ocrx_word' id='word_1_19' title='bbox 1065 574 1068 581; x_wconf 22' lang='grc' dir='ltr'>Ι</span> 
     </span>
     <span class='ocr_line' id='line_1_4' title="bbox 90 585 977 672; baseline 0.003 -25"><span class='ocrx_word' id='word_1_20' title='bbox 90 604 156 662; x_wconf 83' lang='lat' dir='ltr'>cem,</span> <span class='ocrx_word' id='word_1_21' title='bbox 175 585 399 664; x_wconf 82' lang='lat' dir='ltr'>Waldensem,</span> <span class='ocrx_word' id='word_1_22' title='bbox 420 586 642 672; x_wconf 86' lang='lat' dir='ltr'>Bohemicam,</span> <span class='ocrx_word' id='word_1_23' title='bbox 665 597 698 651; x_wconf 91' lang='lat' dir='ltr'>et</span> <span class='ocrx_word' id='word_1_24' title='bbox 720 588 816 663; x_wconf 86' lang='lat' dir='ltr'>alias,</span> <span class='ocrx_word' id='word_1_25' title='bbox 838 586 977 670; x_wconf 89' lang='lat' dir='ltr'>quaein</span> 
     </span>
     <span class='ocr_line' id='line_1_5' title="bbox 90 666 977 736; baseline 0.006 -6"><span class='ocrx_word' id='word_1_26' title='bbox 90 666 275 735; x_wconf 90' lang='lat' dir='ltr'>idolomanias</span> <span class='ocrx_word' id='word_1_27' title='bbox 291 721 295 729; x_wconf 93' lang='lat'>.</span> <span class='ocrx_word' id='word_1_28' title='bbox 312 683 345 736; x_wconf 88' lang='lat' dir='ltr'>et</span> <span class='ocrx_word' id='word_1_29' title='bbox 385 694 425 736; x_wconf 92' lang='lat' dir='ltr'>su</span> <span class='ocrx_word' id='word_1_30' title='bbox 448 672 628 735; x_wconf 89' lang='lat' dir='ltr'>erstitiones</span> <span class='ocrx_word' id='word_1_31' title='bbox 667 693 873 736; x_wconf 90' lang='lat' dir='ltr'>romanenses</span> <span class='ocrx_word' id='word_1_32' title='bbox 909 693 977 736; x_wconf 92' lang='lat' dir='ltr'>non</span> 
     </span>
     <span class='ocr_line' id='line_1_6' title="bbox 67 696 976 845; baseline 0.002 -28"><span class='ocrx_word' id='word_1_33' title='bbox 67 752 301 845; x_wconf 59' lang='lat' dir='ltr'>consenserunt.</span> <span class='ocrx_word' id='word_1_34' title='bbox 348 696 453 842; x_wconf 54' lang='lat' dir='ltr'>Quid),</span> <span class='ocrx_word' id='word_1_35' title='bbox 485 757 573 841; x_wconf 89' lang='lat' dir='ltr'>quod</span> <span class='ocrx_word' id='word_1_36' title='bbox 599 756 692 821; x_wconf 91' lang='lat' dir='ltr'>multi</span> <span class='ocrx_word' id='word_1_37' title='bbox 718 757 753 820; x_wconf 92' lang='lat' dir='ltr'>in</span> <span class='ocrx_word' id='word_1_38' title='bbox 774 779 879 843; x_wconf 87' lang='lat' dir='ltr'>agone</span> <span class='ocrx_word' id='word_1_39' title='bbox 900 779 976 821; x_wconf 93' lang='lat' dir='ltr'>con-</span> 
     </span>
     <span class='ocr_line' id='line_1_7' title="bbox 88 836 976 928; baseline 0.007 -29"><span class='ocrx_word' id='word_1_40' title='bbox 88 836 167 904; x_wconf 87' lang='lat' dir='ltr'>stituti</span> <span class='ocrx_word' id='word_1_41' title='bbox 194 862 330 928; x_wconf 92' lang='lat' dir='ltr'>operum</span> <span class='ocrx_word' id='word_1_42' title='bbox 360 864 492 907; x_wconf 89' lang='lat' dir='ltr'>suorum</span> <span class='ocrx_word' id='word_1_43' title='bbox 512 841 663 906; x_wconf 88' lang='lat' dir='ltr'>fiduciam</span> <span class='ocrx_word' id='word_1_44' title='bbox 684 842 870 926; x_wconf 89' lang='lat' dir='ltr'>abjecerunt</span> <span class='ocrx_word' id='word_1_45' title='bbox 888 854 920 906; x_wconf 93' lang='lat' dir='ltr'>et</span> <span class='ocrx_word' id='word_1_46' title='bbox 940 841 976 905; x_wconf 93' lang='lat' dir='ltr'>in</span> 
     </span>
     <span class='ocr_line' id='line_1_8' title="bbox 90 919 984 1013; baseline 0.003 -26"><span class='ocrx_word' id='word_1_47' title='bbox 90 919 227 990; x_wconf 81' lang='lat' dir='ltr'>Christum</span> <span class='ocrx_word' id='word_1_48' title='bbox 255 926 368 990; x_wconf 87' lang='lat' dir='ltr'>salutis</span> <span class='ocrx_word' id='word_1_49' title='bbox 394 949 471 991; x_wconf 88' lang='lat' dir='ltr'>suae</span> <span class='ocrx_word' id='word_1_50' title='bbox 501 949 606 991; x_wconf 89' lang='lat' dir='ltr'>arcem</span> <span class='ocrx_word' id='word_1_51' title='bbox 635 949 672 992; x_wconf 91' lang='lat' dir='ltr'>ac</span> <span class='ocrx_word' id='word_1_52' title='bbox 693 928 897 1013; x_wconf 84' lang='lat' dir='ltr'><strong>metropolim</strong></span> <span class='ocrx_word' id='word_1_53' title='bbox 919 949 984 991; x_wconf 84' lang='lat' dir='ltr'>ex-·</span> 
     </span>
     <span class='ocr_line' id='line_1_9' title="bbox 87 1010 975 1098; baseline 0.005 -25"><span class='ocrx_word' id='word_1_54' title='bbox 87 1012 264 1074; x_wconf 68' lang='lat' dir='ltr'>spuerunt?</span> <span class='ocrx_word' id='word_1_55' title='bbox 303 1011 357 1076; x_wconf 88' lang='lat' dir='ltr'>De</span> <span class='ocrx_word' id='word_1_56' title='bbox 379 1011 528 1076; x_wconf 89' lang='lat' dir='ltr'>omnibus</span> <span class='ocrx_word' id='word_1_57' title='bbox 547 1010 649 1076; x_wconf 87' lang='lat' dir='ltr'>videri</span> <span class='ocrx_word' id='word_1_58' title='bbox 676 1022 783 1098; x_wconf 89' lang='lat' dir='ltr'>potest</span> <span class='ocrx_word' id='word_1_59' title='bbox 809 1013 975 1096; x_wconf 87' lang='lat' dir='ltr'>catalogus</span> 
     </span>
     <span class='ocr_line' id='line_1_10' title="bbox 87 1093 975 1180; baseline 0.008 -26"><span class='ocrx_word' id='word_1_60' title='bbox 87 1093 189 1158; x_wconf 83' lang='lat' dir='ltr'>testium</span> <span class='ocrx_word' id='word_1_61' title='bbox 209 1095 361 1160; x_wconf 85' lang='lat' dir='ltr'>veritatis.</span> <span class='ocrx_word' id='word_1_62' title='bbox 400 1097 463 1160; x_wconf 91' lang='lat' dir='ltr'>His</span> <span class='ocrx_word' id='word_1_63' title='bbox 485 1097 616 1175; x_wconf 86' lang='lat' dir='ltr'>accedit,</span> <span class='ocrx_word' id='word_1_64' title='bbox 639 1098 727 1180; x_wconf 91' lang='lat' dir='ltr'>quod</span> <span class='ocrx_word' id='word_1_65' title='bbox 750 1107 823 1161; x_wconf 87' lang='lat' dir='ltr'>ante</span> <span class='ocrx_word' id='word_1_66' title='bbox 838 1095 975 1161; x_wconf 91' lang='lat' dir='ltr'>Lutheri</span> 
     </span>
     <span class='ocr_line' id='line_1_11' title="bbox 85 1181 975 1267; baseline 0.008 -28"><span class='ocrx_word' id='word_1_67' title='bbox 85 1184 203 1264; x_wconf 87' lang='lat' dir='ltr'>tempora</span> <span class='ocrx_word' id='word_1_68' title='bbox 231 1182 283 1245; x_wconf 86' lang='lat' dir='ltr'>vel</span> <span class='ocrx_word' id='word_1_69' title='bbox 337 1182 410 1245; x_wconf 89' lang='lat' dir='ltr'>auci</span> <span class='ocrx_word' id='word_1_70' title='bbox 430 1181 559 1246; x_wconf 86' lang='lat' dir='ltr'>fuerunt</span> <span class='ocrx_word' id='word_1_71' title='bbox 579 1182 766 1267; x_wconf 82' lang='lat' dir='ltr'>scriptores,</span> <span class='ocrx_word' id='word_1_72' title='bbox 798 1183 849 1247; x_wconf 89' lang='lat' dir='ltr'>vel</span> <span class='ocrx_word' id='word_1_73' title='bbox 869 1181 896 1246; x_wconf 94' lang='lat' dir='ltr'>si</span> <span class='ocrx_word' id='word_1_74' title='bbox 918 1181 975 1266; x_wconf 93' lang='lat' dir='ltr'>qui</span> 
     </span>
     <span class='ocr_line' id='line_1_12' title="bbox 84 1259 974 1352; baseline 0.006 -27"><span class='ocrx_word' id='word_1_75' title='bbox 84 1259 196 1350; x_wconf 76' lang='lat' dir='ltr'>litorum,</span> <span class='ocrx_word' id='word_1_76' title='bbox 216 1266 281 1329; x_wconf 82' lang='lat' dir='ltr'>illis</span> <span class='ocrx_word' id='word_1_77' title='bbox 326 1277 466 1331; x_wconf 90' lang='lat' dir='ltr'>ecretum</span> <span class='ocrx_word' id='word_1_78' title='bbox 482 1267 636 1352; x_wconf 89' lang='lat' dir='ltr'>scriptum</span> <span class='ocrx_word' id='word_1_79' title='bbox 659 1290 726 1332; x_wconf 92' lang='lat' dir='ltr'>non</span> <span class='ocrx_word' id='word_1_80' title='bbox 744 1279 792 1330; x_wconf 90' lang='lat' dir='ltr'>est</span> <span class='ocrx_word' id='word_1_81' title='bbox 812 1267 895 1352; x_wconf 87' lang='lat' dir='ltr'>stilo,</span> <span class='ocrx_word' id='word_1_82' title='bbox 917 1267 974 1330; x_wconf 90' lang='lat' dir='ltr'>sed</span> 
     </span>
     <span class='ocr_line' id='line_1_13' title="bbox 86 1345 974 1429; baseline 0.005 -19"><span class='ocrx_word' id='word_1_83' title='bbox 86 1345 148 1428; x_wconf 87' lang='lat' dir='ltr'>pilo,</span> <span class='ocrx_word' id='word_1_84' title='bbox 175 1372 239 1414; x_wconf 90' lang='lat' dir='ltr'>non</span> <span class='ocrx_word' id='word_1_85' title='bbox 260 1350 378 1428; x_wconf 87' lang='lat' dir='ltr'>verbo,</span> <span class='ocrx_word' id='word_1_86' title='bbox 405 1352 463 1416; x_wconf 89' lang='lat' dir='ltr'>sed</span> <span class='ocrx_word' id='word_1_87' title='bbox 482 1352 582 1428; x_wconf 84' lang='lat' dir='ltr'>ferro,</span> <span class='ocrx_word' id='word_1_88' title='bbox 609 1374 675 1416; x_wconf 93' lang='lat' dir='ltr'>non</span> <span class='ocrx_word' id='word_1_89' title='bbox 697 1362 889 1429; x_wconf 87' lang='lat' dir='ltr'>atramento,</span> <span class='ocrx_word' id='word_1_90' title='bbox 916 1351 974 1417; x_wconf 92' lang='lat' dir='ltr'>sed</span> 
     </span>
     <span class='ocr_line' id='line_1_14' title="bbox 85 1435 974 1523; baseline 0.006 -28"><span class='ocrx_word' id='word_1_91' title='bbox 85 1435 224 1519; x_wconf 83' lang='lat' dir='ltr'>sanguine.</span> <span class='ocrx_word' id='word_1_92' title='bbox 262 1436 435 1500; x_wconf 90' lang='lat' dir='ltr'>Praeterea</span> <span class='ocrx_word' id='word_1_93' title='bbox 453 1437 536 1501; x_wconf 89' lang='lat' dir='ltr'>inter</span> <span class='ocrx_word' id='word_1_94' title='bbox 557 1437 620 1501; x_wconf 89' lang='lat' dir='ltr'>alia</span> <span class='ocrx_word' id='word_1_95' title='bbox 641 1438 701 1501; x_wconf 92' lang='lat' dir='ltr'>sub</span> <span class='ocrx_word' id='word_1_96' title='bbox 722 1437 829 1502; x_wconf 86' lang='lat' dir='ltr'>medio</span> <span class='ocrx_word' id='word_1_97' title='bbox 853 1446 974 1523; x_wconf 83' lang='lat' dir='ltr'>papatu</span> 
     </span>
     <span class='ocr_line' id='line_1_15' title="bbox 85 1517 973 1603; baseline 0.008 -25"><span class='ocrx_word' id='word_1_98' title='bbox 85 1530 264 1585; x_wconf 85' lang='lat' dir='ltr'>conservatae</span> <span class='ocrx_word' id='word_1_99' title='bbox 285 1520 440 1586; x_wconf 83' lang='lat' dir='ltr'>ecelesiae</span> <span class='ocrx_word' id='word_1_100' title='bbox 472 1517 629 1603; x_wconf 69' lang='grc' dir='ltr'>κριτήρια</span> <span class='ocrx_word' id='word_1_101' title='bbox 665 1522 746 1586; x_wconf 93' lang='lat' dir='ltr'>illud</span> <span class='ocrx_word' id='word_1_102' title='bbox 773 1522 903 1587; x_wconf 88' lang='lat' dir='ltr'>evidens</span> <span class='ocrx_word' id='word_1_103' title='bbox 925 1532 973 1586; x_wconf 91' lang='lat' dir='ltr'>est</span> 
     </span>
     <span class='ocr_line' id='line_1_16' title="bbox 85 1605 974 1692; baseline 0.007 -28"><span class='ocrx_word' id='word_1_104' title='bbox 85 1605 341 1692; x_wconf 65' lang='lat' dir='ltr'>acconspicuum</span> <span class='ocrx_word' id='word_1_105' title='bbox 369 1606 457 1690; x_wconf 88' lang='lat' dir='ltr'>quod</span> <span class='ocrx_word' id='word_1_106' title='bbox 477 1605 666 1670; x_wconf 89' lang='lat' dir='ltr'>mirabiliter</span> <span class='ocrx_word' id='word_1_107' title='bbox 687 1619 891 1672; x_wconf 84' lang='lat' dir='ltr'>conservatus</span> <span class='ocrx_word' id='word_1_108' title='bbox 912 1606 974 1671; x_wconf 86' lang='lat' dir='ltr'>fuit</span> 
     </span>
     <span class='ocr_line' id='line_1_17' title="bbox 82 1690 973 1779; baseline 0.004 -28"><span class='ocrx_word' id='word_1_109' title='bbox 82 1690 269 1754; x_wconf 71' lang='lat' dir='ltr'>catechismus</span> <span class='ocrx_word' id='word_1_110' title='bbox 294 1714 360 1755; x_wconf 89' lang='lat' dir='ltr'>una</span> <span class='ocrx_word' id='word_1_111' title='bbox 388 1712 461 1755; x_wconf 87' lang='lat' dir='ltr'>cum</span> <span class='ocrx_word' id='word_1_112' title='bbox 487 1691 645 1777; x_wconf 88' lang='lat' dir='ltr'>pericopis</span> <span class='ocrx_word' id='word_1_113' title='bbox 679 1693 919 1779; x_wconf 86' lang='lat' dir='ltr'>evangeliorum</span> <span class='ocrx_word' id='word_1_114' title='bbox 940 1702 973 1756; x_wconf 91' lang='lat' dir='ltr'>et</span> 
     </span>
     <span class='ocr_line' id='line_1_18' title="bbox 83 1770 972 1862; baseline 0.008 -30"><span class='ocrx_word' id='word_1_115' title='bbox 83 1770 265 1854; x_wconf 83' lang='lat' dir='ltr'>epistolarum</span> <span class='ocrx_word' id='word_1_116' title='bbox 287 1775 542 1853; x_wconf 81' lang='lat' dir='ltr'>dominicalium,</span> <span class='ocrx_word' id='word_1_117' title='bbox 563 1776 696 1840; x_wconf 86' lang='lat' dir='ltr'>historia</span> <span class='ocrx_word' id='word_1_118' title='bbox 716 1779 793 1843; x_wconf 89' lang='lat' dir='ltr'>item</span> <span class='ocrx_word' id='word_1_119' title='bbox 813 1777 972 1862; x_wconf 81' lang='lat' dir='ltr'>passionis</span> 
     </span>
     <span class='ocr_line' id='line_1_19' title="bbox 81 1846 973 1948; baseline 0.007 -30"><span class='ocrx_word' id='word_1_120' title='bbox 81 1865 108 1917; x_wconf 87' lang='lat' dir='ltr'>et</span> <span class='ocrx_word' id='word_1_121' title='bbox 128 1861 230 1924; x_wconf 87' lang='lat' dir='ltr'>mortis</span> <span class='ocrx_word' id='word_1_122' title='bbox 253 1858 384 1928; x_wconf 81' lang='lat' dir='ltr'>Christi.</span> <span class='ocrx_word' id='word_1_123' title='bbox 423 1846 522 1927; x_wconf 90' lang='lat' dir='ltr'>Unde</span> <span class='ocrx_word' id='word_1_124' title='bbox 548 1861 618 1925; x_wconf 87' lang='lat' dir='ltr'>lieri</span> <span class='ocrx_word' id='word_1_125' title='bbox 646 1885 712 1925; x_wconf 88' lang='lat' dir='ltr'>non</span> <span class='ocrx_word' id='word_1_126' title='bbox 739 1863 861 1948; x_wconf 91' lang='lat' dir='ltr'>potuit,</span> <span class='ocrx_word' id='word_1_127' title='bbox 894 1861 973 1944; x_wconf 93' lang='lat' dir='ltr'>quin</span> 
     </span>
     <span class='ocr_line' id='line_1_20' title="bbox 81 1938 972 2030; baseline 0.003 -24"><span class='ocrx_word' id='word_1_128' title='bbox 81 1938 138 2006; x_wconf 82' lang='lat' dir='ltr'>Deo</span> <span class='ocrx_word' id='word_1_129' title='bbox 155 1944 286 2029; x_wconf 82' lang='lat' dir='ltr'>aliquod</span> <span class='ocrx_word' id='word_1_130' title='bbox 307 1967 417 2010; x_wconf 92' lang='lat' dir='ltr'>semen</span> <span class='ocrx_word' id='word_1_131' title='bbox 437 1946 534 2010; x_wconf 86' lang='lat' dir='ltr'>fuerit</span> <span class='ocrx_word' id='word_1_132' title='bbox 556 1947 711 2030; x_wconf 84' lang='lat' dir='ltr'>relietum,</span> <span class='ocrx_word' id='word_1_133' title='bbox 734 1950 813 2011; x_wconf 81' lang='lat' dir='ltr'>Esa.</span> <span class='ocrx_word' id='word_1_134' title='bbox 837 1951 866 2023; x_wconf 91' lang='lat'>1,</span> <span class='ocrx_word' id='word_1_135' title='bbox 888 1948 918 2024; x_wconf 90' lang='grc'>9,</span> <span class='ocrx_word' id='word_1_136' title='bbox 941 1955 972 2009; x_wconf 90' lang='lat' dir='ltr'>et</span> 
     </span>
     <span class='ocr_line' id='line_1_21' title="bbox 79 2023 973 2114; baseline 0 -22"><span class='ocrx_word' id='word_1_137' title='bbox 79 2023 178 2093; x_wconf 71' lang='lat' dir='ltr'>sinon</span> <span class='ocrx_word' id='word_1_138' title='bbox 204 2052 335 2107; x_wconf 90' lang='lat' dir='ltr'>omnes,</span> <span class='ocrx_word' id='word_1_139' title='bbox 364 2030 465 2114; x_wconf 85' lang='lat' dir='ltr'>aliqui</span> <span class='ocrx_word' id='word_1_140' title='bbox 492 2031 606 2096; x_wconf 87' lang='lat' dir='ltr'>saltem</span> <span class='ocrx_word' id='word_1_141' title='bbox 628 2054 668 2096; x_wconf 87' lang='lat' dir='ltr'>ex</span> <span class='ocrx_word' id='word_1_142' title='bbox 688 2031 861 2105; x_wconf 77' lang='lat' dir='ltr'>immortali</span> <span class='ocrx_word' id='word_1_143' title='bbox 882 2029 973 2096; x_wconf 90' lang='lat' dir='ltr'>verbi</span> 
     </span>
     <span class='ocr_line' id='line_1_22' title="bbox 77 2107 971 2215; baseline 0.006 -40"><span class='ocrx_word' id='word_1_144' title='bbox 77 2107 130 2175; x_wconf 83' lang='lat' dir='ltr'>Dei</span> <span class='ocrx_word' id='word_1_145' title='bbox 157 2112 276 2203; x_wconf 84' lang='lat' dir='ltr'>semine</span> <span class='ocrx_word' id='word_1_146' title='bbox 305 2115 370 2179; x_wconf 90' lang='lat' dir='ltr'>sint</span> <span class='ocrx_word' id='word_1_147' title='bbox 392 2115 551 2215; x_wconf 62' lang='lat' dir='ltr'>regendi,</span> <span class='ocrx_word' id='word_1_148' title='bbox 585 2119 613 2183; x_wconf 91' lang='lat'>1.</span> <span class='ocrx_word' id='word_1_149' title='bbox 634 2118 719 2182; x_wconf 80' lang='lat' dir='ltr'>Petr.</span> <span class='ocrx_word' id='word_1_150' title='bbox 742 2122 770 2193; x_wconf 91' lang='lat' dir='ltr'>l,</span> <span class='ocrx_word' id='word_1_151' title='bbox 791 2118 842 2184; x_wconf 78' lang='lat'>23.</span> <span class='ocrx_word' id='word_1_152' title='bbox 895 2115 971 2198; x_wconf 81' lang='lat' dir='ltr'>Quo</span> 
     </span>
     <span class='ocr_line' id='line_1_23' title="bbox 74 2198 972 2267; baseline 0.007 -8"><span class='ocrx_word' id='word_1_153' title='bbox 74 2198 156 2263; x_wconf 88' lang='lat' dir='ltr'>modo</span> <span class='ocrx_word' id='word_1_154' title='bbox 181 2199 267 2264; x_wconf 90' lang='lat' dir='ltr'>enim</span> <span class='ocrx_word' id='word_1_155' title='bbox 292 2201 458 2265; x_wconf 78' lang='lat' dir='ltr'>descendit</span> <span class='ocrx_word' id='word_1_156' title='bbox 485 2201 589 2265; x_wconf 89' lang='lat' dir='ltr'>imber</span> <span class='ocrx_word' id='word_1_157' title='bbox 610 2208 643 2266; x_wconf 85' lang='lat' dir='ltr'>et</span> <span class='ocrx_word' id='word_1_158' title='bbox 663 2202 719 2265; x_wconf 82' lang='lat' dir='ltr'>nix</span> <span class='ocrx_word' id='word_1_159' title='bbox 751 2202 791 2266; x_wconf 90' lang='lat' dir='ltr'>de</span> <span class='ocrx_word' id='word_1_160' title='bbox 818 2202 909 2267; x_wconf 93' lang='lat' dir='ltr'>coelo</span> <span class='ocrx_word' id='word_1_161' title='bbox 939 2212 972 2266; x_wconf 91' lang='lat' dir='ltr'>et</span> 
     </span>
     <span class='ocr_line' id='line_1_24' title="bbox 72 2279 972 2364; baseline 0.007 -20"><span class='ocrx_word' id='word_1_162' title='bbox 72 2279 235 2349; x_wconf 83' lang='lat' dir='ltr'>illucultra</span> <span class='ocrx_word' id='word_1_163' title='bbox 256 2307 322 2349; x_wconf 91' lang='lat' dir='ltr'>non</span> <span class='ocrx_word' id='word_1_164' title='bbox 343 2286 521 2363; x_wconf 85' lang='lat' dir='ltr'>revertitur,</span> <span class='ocrx_word' id='word_1_165' title='bbox 540 2285 603 2350; x_wconf 93' lang='lat' dir='ltr'>nisi</span> <span class='ocrx_word' id='word_1_166' title='bbox 623 2286 829 2352; x_wconf 82' lang='lat' dir='ltr'>inebriaverit</span> <span class='ocrx_word' id='word_1_167' title='bbox 846 2302 972 2364; x_wconf 90' lang='lat' dir='ltr'>terram,</span> 
     </span>
     <span class='ocr_line' id='line_1_25' title="bbox 68 2365 971 2449; baseline 0.006 -18"><span class='ocrx_word' id='word_1_168' title='bbox 68 2365 296 2434; x_wconf 81' lang='lat' dir='ltr'>foecundaverit</span> <span class='ocrx_word' id='word_1_169' title='bbox 318 2379 350 2434; x_wconf 87' lang='lat' dir='ltr'>et</span> <span class='ocrx_word' id='word_1_170' title='bbox 395 2371 552 2435; x_wconf 88' lang='lat' dir='ltr'>erminare</span> <span class='ocrx_word' id='word_1_171' title='bbox 575 2395 646 2436; x_wconf 90' lang='lat' dir='ltr'>eam</span> <span class='ocrx_word' id='word_1_172' title='bbox 668 2372 789 2449; x_wconf 83' lang='lat' dir='ltr'>feeerit,</span> <span class='ocrx_word' id='word_1_173' title='bbox 810 2383 846 2436; x_wconf 93' lang='lat' dir='ltr'>ut</span> <span class='ocrx_word' id='word_1_174' title='bbox 862 2395 971 2436; x_wconf 83' lang='lat' dir='ltr'>semen</span> 
     </span>
     <span class='ocr_line' id='line_1_26' title="bbox 66 2393 970 2542; baseline 0.003 -25"><span class='ocrx_word' id='word_1_175' title='bbox 66 2453 191 2538; x_wconf 83' lang='lat' dir='ltr'>accipiat</span> <span class='ocrx_word' id='word_1_176' title='bbox 212 2455 255 2518; x_wconf 89' lang='lat' dir='ltr'>ad</span> <span class='ocrx_word' id='word_1_177' title='bbox 279 2393 450 2519; x_wconf 73' lang='lat' dir='ltr'>serendum</span> <span class='ocrx_word' id='word_1_178' title='bbox 471 2467 503 2520; x_wconf 88' lang='lat' dir='ltr'>et</span> <span class='ocrx_word' id='word_1_179' title='bbox 522 2479 639 2542; x_wconf 90' lang='lat' dir='ltr'>panem</span> <span class='ocrx_word' id='word_1_180' title='bbox 663 2457 705 2521; x_wconf 92' lang='lat' dir='ltr'>ad</span> <span class='ocrx_word' id='word_1_181' title='bbox 720 2458 970 2532; x_wconf 67' lang='lat' dir='ltr'>comedendum</span> 
     </span>
     <span class='ocr_line' id='line_1_27' title="bbox 63 2537 971 2628; baseline 0.006 -27"><span class='ocrx_word' id='word_1_182' title='bbox 63 2537 105 2602; x_wconf 88' lang='lat' dir='ltr'>sic</span> <span class='ocrx_word' id='word_1_183' title='bbox 123 2551 172 2603; x_wconf 90' lang='lat' dir='ltr'>est</span> <span class='ocrx_word' id='word_1_184' title='bbox 190 2539 325 2604; x_wconf 87' lang='lat' dir='ltr'>verbum</span> <span class='ocrx_word' id='word_1_185' title='bbox 347 2540 428 2618; x_wconf 88' lang='lat' dir='ltr'>Dei,</span> <span class='ocrx_word' id='word_1_186' title='bbox 458 2542 546 2625; x_wconf 92' lang='lat' dir='ltr'>quod</span> <span class='ocrx_word' id='word_1_187' title='bbox 569 2541 732 2628; x_wconf 86' lang='lat' dir='ltr'>egreditur</span> <span class='ocrx_word' id='word_1_188' title='bbox 752 2542 793 2607; x_wconf 90' lang='lat' dir='ltr'>de</span> <span class='ocrx_word' id='word_1_189' title='bbox 814 2564 869 2607; x_wconf 91' lang='lat' dir='ltr'>ore</span> <span class='ocrx_word' id='word_1_190' title='bbox 892 2543 971 2626; x_wconf 88' lang='lat' dir='ltr'>ejus,</span> 
     </span>
     <span class='ocr_line' id='line_1_28' title="bbox 61 2624 971 2711; baseline 0.003 -24"><span class='ocrx_word' id='word_1_191' title='bbox 61 2645 122 2688; x_wconf 89' lang='lat' dir='ltr'>non</span> <span class='ocrx_word' id='word_1_192' title='bbox 143 2624 311 2689; x_wconf 87' lang='lat' dir='ltr'>revertitur</span> <span class='ocrx_word' id='word_1_193' title='bbox 332 2626 374 2688; x_wconf 89' lang='lat' dir='ltr'>ad</span> <span class='ocrx_word' id='word_1_194' title='bbox 395 2626 502 2711; x_wconf 85' lang='lat' dir='ltr'>ipsum</span> <span class='ocrx_word' id='word_1_195' title='bbox 522 2648 677 2704; x_wconf 86' lang='lat' dir='ltr'>vacuum,</span> <span class='ocrx_word' id='word_1_196' title='bbox 698 2627 756 2691; x_wconf 90' lang='lat' dir='ltr'>sed</span> <span class='ocrx_word' id='word_1_197' title='bbox 773 2627 851 2692; x_wconf 88' lang='lat' dir='ltr'>facit</span> <span class='ocrx_word' id='word_1_198' title='bbox 872 2649 971 2710; x_wconf 89' lang='lat' dir='ltr'>quae·</span> 
     </span>
     <span class='ocr_line' id='line_1_29' title="bbox 56 2709 972 2797; baseline 0.002 -25"><span class='ocrx_word' id='word_1_199' title='bbox 56 2729 180 2792; x_wconf 86' lang='lat' dir='ltr'>cunque</span> <span class='ocrx_word' id='word_1_200' title='bbox 201 2709 285 2788; x_wconf 89' lang='lat' dir='ltr'>vult,</span> <span class='ocrx_word' id='word_1_201' title='bbox 307 2719 339 2773; x_wconf 90' lang='lat' dir='ltr'>et</span> <span class='ocrx_word' id='word_1_202' title='bbox 360 2723 566 2796; x_wconf 79' lang='lat' dir='ltr'>prosperatur</span> <span class='ocrx_word' id='word_1_203' title='bbox 586 2711 621 2775; x_wconf 93' lang='lat' dir='ltr'>in</span> <span class='ocrx_word' id='word_1_204' title='bbox 641 2712 706 2796; x_wconf 80' lang='lat' dir='ltr'>his,</span> <span class='ocrx_word' id='word_1_205' title='bbox 730 2711 771 2776; x_wconf 87' lang='lat' dir='ltr'>ad</span> <span class='ocrx_word' id='word_1_206' title='bbox 792 2735 875 2797; x_wconf 91' lang='lat' dir='ltr'>quae</span> <span class='ocrx_word' id='word_1_207' title='bbox 896 2711 972 2775; x_wconf 90' lang='lat' dir='ltr'>mit-</span> 
     </span>
     <span class='ocr_line' id='line_1_30' title="bbox 54 2794 971 2882; baseline -0.001 -24"><span class='ocrx_word' id='word_1_208' title='bbox 54 2794 142 2870; x_wconf 85' lang='lat' dir='ltr'>titur,</span> <span class='ocrx_word' id='word_1_209' title='bbox 163 2797 243 2862; x_wconf 78' lang='lat' dir='ltr'>Era.</span> <span class='ocrx_word' id='word_1_210' title='bbox 260 2796 311 2871; x_wconf 77' lang='lat'>55,</span> <span class='ocrx_word' id='word_1_211' title='bbox 335 2797 376 2860; x_wconf 90' lang='lat'>10</span> <span class='ocrx_word' id='word_1_212' title='bbox 396 2808 428 2860; x_wconf 91' lang='lat' dir='ltr'>et</span> <span class='ocrx_word' id='word_1_213' title='bbox 451 2799 500 2860; x_wconf 88' lang='lat' dir='ltr'>ll.</span> <span class='ocrx_word' id='word_1_214' title='bbox 542 2797 583 2860; x_wconf 95' lang='lat' dir='ltr'>In</span> <span class='ocrx_word' id='word_1_215' title='bbox 602 2796 709 2882; x_wconf 89' lang='lat' dir='ltr'>speeie</span> <span class='ocrx_word' id='word_1_216' title='bbox 731 2801 769 2861; x_wconf 81' lang='lat' dir='ltr'>de</span> <span class='ocrx_word' id='word_1_217' title='bbox 788 2799 971 2862; x_wconf 75' lang='lat' dir='ltr'>catechismo</span> 
     </span>
     <span class='ocr_line' id='line_1_31' title="bbox 53 2879 970 2964; baseline -0.001 -22"><span class='ocrx_word' id='word_1_218' title='bbox 53 2889 90 2942; x_wconf 90' lang='lat' dir='ltr'>ut</span> <span class='ocrx_word' id='word_1_219' title='bbox 110 2879 273 2963; x_wconf 75' lang='lat' dir='ltr'>dicamus,</span> <span class='ocrx_word' id='word_1_220' title='bbox 301 2879 406 2964; x_wconf 91' lang='lat' dir='ltr'>primo</span> <span class='ocrx_word' id='word_1_221' title='bbox 432 2880 503 2944; x_wconf 90' lang='lat' dir='ltr'>loco</span> <span class='ocrx_word' id='word_1_222' title='bbox 523 2881 557 2944; x_wconf 92' lang='lat' dir='ltr'>in</span> <span class='ocrx_word' id='word_1_223' title='bbox 578 2903 617 2946; x_wconf 93' lang='lat' dir='ltr'>eo</span> <span class='ocrx_word' id='word_1_224' title='bbox 638 2879 777 2946; x_wconf 88' lang='lat' dir='ltr'>occurrit</span> <span class='ocrx_word' id='word_1_225' title='bbox 798 2882 970 2964; x_wconf 71' lang='lat' dir='ltr'>docehoque,</span> 
     </span>
     <span class='ocr_line' id='line_1_32' title="bbox 49 2965 971 3114; baseline 0 -85"><span class='ocrx_word' id='word_1_226' title='bbox 49 2987 94 3030; x_wconf 88' lang='lat' dir='ltr'>ex</span> <span class='ocrx_word' id='word_1_227' title='bbox 113 2986 180 3047; x_wconf 92' lang='lat' dir='ltr'>quo</span> <span class='ocrx_word' id='word_1_228' title='bbox 202 2965 340 3048; x_wconf 89' lang='lat' dir='ltr'>majores</span> <span class='ocrx_word' id='word_1_229' title='bbox 361 2965 462 3029; x_wconf 89' lang='lat' dir='ltr'>nostri</span> <span class='ocrx_word' id='word_1_230' title='bbox 477 2987 672 3051; x_wconf 85' lang='lat' dir='ltr'>cognoscere</span> <span class='ocrx_word' id='word_1_231' title='bbox 685 2974 869 3051; x_wconf 79' lang='lat' dir='ltr'>potuerrmt,</span> <span class='ocrx_word' id='word_1_232' title='bbox 878 2985 971 3114; x_wconf 52' lang='lat' dir='ltr'>¹puo-</span> 
     </span>
     <span class='ocr_line' id='line_1_33' title="bbox 50 3048 971 3136; baseline -0.001 -22"><span class='ocrx_word' id='word_1_233' title='bbox 50 3049 150 3114; x_wconf 91' lang='lat' dir='ltr'>modo</span> <span class='ocrx_word' id='word_1_234' title='bbox 172 3048 282 3112; x_wconf 90' lang='lat' dir='ltr'>Deum</span> <span class='ocrx_word' id='word_1_235' title='bbox 301 3049 406 3114; x_wconf 86' lang='lat' dir='ltr'>colere</span> <span class='ocrx_word' id='word_1_236' title='bbox 433 3059 465 3115; x_wconf 90' lang='lat' dir='ltr'>et</span> <span class='ocrx_word' id='word_1_237' title='bbox 485 3051 594 3115; x_wconf 86' lang='lat' dir='ltr'>coram</span> <span class='ocrx_word' id='word_1_238' title='bbox 613 3052 685 3136; x_wconf 90' lang='lat' dir='ltr'>ipso</span> <span class='ocrx_word' id='word_1_239' title='bbox 707 3050 806 3115; x_wconf 88' lang='lat' dir='ltr'>vitam</span> <span class='ocrx_word' id='word_1_240' title='bbox 824 3049 877 3114; x_wconf 89' lang='lat' dir='ltr'>inc</span> <span class='ocrx_word' id='word_1_241' title='bbox 912 3073 971 3135; x_wconf 91' lang='lat' dir='ltr'>pa-</span> 
     </span>
     <span class='ocr_line' id='line_1_34' title="bbox 48 3134 970 3219; baseline -0.001 -19"><span class='ocrx_word' id='word_1_242' title='bbox 48 3146 118 3200; x_wconf 83' lang='lat' dir='ltr'>tam</span> <span class='ocrx_word' id='word_1_243' title='bbox 149 3155 246 3219; x_wconf 85' lang='lat' dir='ltr'>agere</span> <span class='ocrx_word' id='word_1_244' title='bbox 268 3134 423 3211; x_wconf 82' lang='lat' dir='ltr'>debeant3</span> <span class='ocrx_word' id='word_1_245' title='bbox 451 3157 491 3198; x_wconf 89' lang='lat' dir='ltr'>ex</span> <span class='ocrx_word' id='word_1_246' title='bbox 512 3138 647 3219; x_wconf 67' lang='lat' dir='ltr'>symbolo</span> <span class='ocrx_word' id='word_1_247' title='bbox 668 3137 850 3218; x_wconf 78' lang='lat' dir='ltr'>apostolico,</span> <span class='ocrx_word' id='word_1_248' title='bbox 881 3135 970 3219; x_wconf 92' lang='lat' dir='ltr'>quod</span> 
     </span>
     <span class='ocr_line' id='line_1_35' title="bbox 47 3216 970 3303; baseline 0 -19"><span class='ocrx_word' id='word_1_249' title='bbox 47 3216 230 3284; x_wconf 85' lang='lat' dir='ltr'>secundum</span> <span class='ocrx_word' id='word_1_250' title='bbox 258 3231 356 3303; x_wconf 86' lang='lat' dir='ltr'>caput</span> <span class='ocrx_word' id='word_1_251' title='bbox 384 3231 450 3294; x_wconf 88' lang='lat' dir='ltr'>est,</span> <span class='ocrx_word' id='word_1_252' title='bbox 478 3221 633 3284; x_wconf 87' lang='lat' dir='ltr'>mediocri</span> <span class='ocrx_word' id='word_1_253' title='bbox 662 3219 829 3303; x_wconf 75' lang='lat' dir='ltr'>diligentia</span> <span class='ocrx_word' id='word_1_254' title='bbox 853 3220 970 3285; x_wconf 91' lang='lat' dir='ltr'>hause-</span> 
     </span>
     <span class='ocr_line' id='line_1_36' title="bbox 47 3302 969 3389; baseline 0 -19"><span class='ocrx_word' id='word_1_255' title='bbox 47 3315 126 3370; x_wconf 85' lang='lat' dir='ltr'>runt</span> <span class='ocrx_word' id='word_1_256' title='bbox 146 3302 357 3389; x_wconf 84' lang='lat' dir='ltr'>principium,</span> <span class='ocrx_word' id='word_1_257' title='bbox 379 3304 521 3368; x_wconf 90' lang='lat' dir='ltr'>medium</span> <span class='ocrx_word' id='word_1_258' title='bbox 539 3316 571 3369; x_wconf 91' lang='lat' dir='ltr'>et</span> <span class='ocrx_word' id='word_1_259' title='bbox 590 3305 688 3369; x_wconf 86' lang='lat' dir='ltr'>finem</span> <span class='ocrx_word' id='word_1_260' title='bbox 708 3303 819 3370; x_wconf 84' lang='lat' dir='ltr'>salutis</span> <span class='ocrx_word' id='word_1_261' title='bbox 841 3316 969 3370; x_wconf 87' lang='lat' dir='ltr'>nostrae</span> 
     </span>
    </p>
   </div>
   <div class='ocr_carea' id='block_1_3' title="bbox 0 0 1130 3772">
    <p class='ocr_par' dir='ltr' id='par_1_3' title="bbox 0 0 1130 3772">
     <span class='ocr_line' id='line_1_37' title="bbox 0 0 1130 3772; baseline 0 3"><span class='ocrx_word' id='word_1_262' title='bbox 0 0 1130 3772; x_wconf 95' lang='lat' dir='ltr'> </span> 
     </span>
    </p>
   </div>
  </div>
 </body>
</html>
