2250 3772
348 233 400 297 De
421 232 625 317 poenitentia.
881 236 945 302 175

70 390 124 448 iden
136 397 349 468 inpoenitentia
367 403 515 473 antecedit,
534 402 732 472 synecdochice
752 403 852 457 dicitur
868 404 946 473 prior

70 477 109 530 tm
121 469 316 538 poeniteutiam
343 472 392 525 sed
421 478 514 526 tamen
536 471 654 525 includit
674 472 755 525 simul
772 471 943 542 agnitionem

70 535 142 599 eccui
158 543 185 591 et
203 539 261 593 irae
280 539 342 603 Dei,
362 557 434 611 quae
453 547 586 612 tanquam
604 557 688 594 causa
707 541 853 595 antecedit.
886 539 941 595 Ge-

70 611 146 680 tttest
164 607 285 668 tristitia,
304 625 375 678 quae
393 627 501 680 semper
517 613 696 681 conjunctum
710 609 794 664 habet
809 609 943 665 dolorem.

70 667 196 748 illicientia
218 678 338 730 sumitur
363 695 380 731 a
405 695 488 732 causa
512 679 649 734 efficiente
674 685 838 748 procreante
855 678 941 731 tristi·

70 751 245 814 aequaeua
262 745 369 817 agnitio
388 749 497 816 peccati
516 767 548 802 ex
567 750 630 817 lege
648 747 742 801 divina
760 747 943 816 ejusdemque

70 806 138 866 tuus
161 813 294 884 propriis3
322 815 408 868 oritur
435 817 508 870 enim
538 815 666 871 contritio
688 822 788 888 κυρίως
814 834 848 870 ex
869 816 939 886 lege.

70 875 109 934 tunt
127 881 234 936 interim
262 885 387 953 eJ'usdem
413 902 514 941 causae
540 903 603 940 cum
627 890 852 957 προηγουμέναι,
880 890 940 937 tum

70 957 262 1024 rpoxarapumat
280 953 373 1022 plures
391 952 471 1008 eliae.
496 957 608 1008 Errant
618 953 663 1007 hio
681 962 701 1008 1.
709 953 860 1023 pontificii,
876 969 941 1006 cum

70 1019 237 1088 cottonem,
264 1038 347 1092 quam
371 1040 422 1076 nos
442 1023 601 1092 definimus,
627 1027 735 1092 partem
752 1021 941 1092 poenitentiae

70 1101 100 1138 sss
112 1094 217 1159 negant,
239 1092 376 1145 Bellorm.
386 1092 403 1148 l,
413 1091 440 1144 d.
451 1093 603 1161 poenitent.
615 1109 638 1147 c.
652 1098 690 1146 19.
703 1099 721 1146 t.
733 1100 755 1147 3.
766 1091 818 1146 col.
832 1097 896 1145 10³9
905 1090 938 1143 Β.

70 1153 101 1228 icc
115 1158 214 1215 ebetat.
241 1159 317 1229 quod
340 1160 508 1231 quandoque
525 1179 542 1214 a
563 1159 733 1231 poenitentia
752 1158 937 1230 distinguitur.

71 1223 117 1277 dem
136 1226 247 1281 ibidem.
289 1228 413 1284 Sumitur
442 1230 515 1284 enim
540 1236 600 1283 tum
618 1229 789 1299 poenitentia
810 1245 861 1298 pro
879 1233 939 1281 tota

70 1295 220 1364 counione,
239 1298 313 1366 quod
332 1314 417 1367 supra
433 1304 559 1352 notatum
605 1299 683 1360 Nec,
706 1299 780 1419 quod
797 1298 936 1351 Bellerm.

70 1376 102 1439 2⁰·
120 1368 155 1417 19.
173 1367 224 1419 col.
245 1372 311 1420 1040
321 1367 355 1420 A.
375 1367 488 1420 asserit:
508 1367 706 1436 poenitentiae
730 1373 806 1422 ectus
817 1372 859 1420 est
873 1382 937 1418 con-

70 1429 160 1501 otionis3
177 1434 217 1488 sic
236 1434 309 1488 enim
329 1435 426 1489 eadem
443 1435 541 1504 posita,
559 1441 709 1506 poneretur
720 1440 749 1488 et
759 1433 937 1506 poenitentia.

70 1495 197 1556 mudum.
240 1506 353 1557 Errant
378 1510 401 1558 2.
419 1505 494 1573 quod
520 1504 710 1559 contritionem
735 1522 825 1564 suam.
872 1520 938 1557 uam

70 1574 146 1636 ngunt.
170 1579 190 1627 l.
208 1571 305 1626 dicunt
316 1589 377 1627 esse
386 1573 539 1641 perfectam
551 1579 579 1627 et
592 1573 783 1629 sufficientem.
813 1579 836 1628 2.
877 1574 937 1642 jus-

70 1648 100 1688 θη]
122 1639 312 1695 sufficientiam
340 1641 496 1710 dependere
524 1659 557 1696 ex
583 1643 644 1711 ipso
670 1647 735 1695 actu
766 1641 938 1711 poenitendi.

70 1697 130 1760 [ereri
147 1715 170 1764 3.
190 1709 378 1764 remissionem
390 1716 579 1778 peccatorum,
599 1718 626 1765 et
639 1712 751 1781 quidem
764 1719 787 1766 4.
800 1728 834 1764 ex
848 1725 936 1780 opere

70 1782 153 1846 puato,
173 1794 234 1832 esse
253 1783 274 1832 5.
297 1778 398 1832 bonam
418 1785 446 1832 et
465 1779 560 1834 utilem
578 1780 638 1834 sine
656 1779 725 1844 fide,
744 1795 805 1832 esse
816 1787 839 1834 6.
853 1796 936 1833 evan·

70 1840 196 1909 tlii3=cum
225 1854 320 1901 tamen
343 1848 379 1901 sit
404 1848 517 1916 propria
535 1849 620 1970 leqis,
651 1848 733 1917 hujus
759 1849 832 1902 enim
851 1849 935 1901 solius

70 1916 169 1981 rtprium
187 1921 230 1970 est
248 1922 366 1979 terrere,
392 1916 504 1984 minari,
533 1918 568 1970 do
580 1934 656 1972 orem
678 1918 818 1983 incutere,
850 1917 936 1969 solius

70 1984 236 2055 ttoevangelii
246 1985 389 2054 proprium
399 1985 543 2052 consolari,
554 1987 667 2056 erigere.
681 1985 827 2038 includere
838 1992 861 2039 7.
872 2002 935 2054 pro-

70 2051 147 2108 tritum
165 2055 234 2108 bene
253 2055 385 2122 operandi
404 2058 432 2108 et
452 2052 570 2122 vivendi,
588 2073 652 2108 eum
670 2060 763 2108 temen
775 2053 828 2107 hoc
843 2053 934 2122 ipsum

70 2132 196 2194 insequens
216 2122 253 2175 sit
270 2139 352 2176 verae
370 2122 573 2191 poenitentiae,
591 2125 657 2193 quin
677 2129 705 2177 et
724 2122 853 2175 effectum
871 2140 934 2192 pro·

70 2185 119 2244 tium
133 2192 215 2261 fidei,
238 2191 286 2312 qui
305 2208 371 2260 ergo
389 2191 473 2243 tribui
490 2200 584 2259 posset
603 2191 758 2246 contritioni
802 2196 934 2261 quaeest

70 2261 211 2333 tententiae
232 2264 321 2313 atera
336 2259 424 2329 pars?
444 2271 470 2314 et
488 2278 560 2330 quae
578 2268 620 2316 est
639 2278 672 2315 ex
689 2263 715 2314 le
737 2234 774 2314 ed
810 2260 887 2324 Quae
907 2266 935 2314 et

70 2320 93 2379 ta
111 2331 266 2399 opinionum
289 2328 491 2382 monachalium
516 2335 671 2384 commenta
688 2330 724 2394 ha
745 2335 773 2383 et
794 2331 931 2384 Bellorm.

80 2398 97 2449 2.
112 2399 141 2452 de
157 2399 308 2469 poenitent.
328 2414 352 2452 o.
369 2404 393 2452 2.
413 2403 441 2450 et
458 2415 533 2469 seqq.
552 2407 571 2453 t.
591 2405 613 2453 3.
635 2399 686 2452 col.
709 2403 774 2452 1056
794 2402 862 2470 seq.)

303 2536 358 2600 25.¹
393 2533 477 2611 Quid
498 2536 658 2618 catstdes?

113 2638 205 2703 Fides
227 2651 275 2702 est
298 2660 337 2701 ex
359 2637 466 2721 agnita
493 2636 592 2699 divini
612 2637 701 2699 verbi
723 2637 858 2737 veritate⁶
874 2663 932 2724 per

70 2796 103 2867 ite
118 2832 172 2894 per
194 2809 363 2883 Christum,
383 2806 418 2868 in
438 2806 648 2891 promissione
669 2805 853 2891 evangelica
875 2833 932 2894 ap-

70 2889 189 2958 ehensio
212 2895 252 2956 ad
274 2894 379 2957 vitam.

70 3049 74 3064 y
104 2990 148 3056 (Dc
164 2993 218 3047 fide
236 2993 319 3062 plura
336 2991 458 3044 dicemus
478 2989 550 3043 infra
574 2991 603 3043 in
623 2989 750 3059 symbolo
769 2994 928 3060 apostolico.

70 3069 123 3128 mum
136 3061 180 3115 hic
198 3067 278 3115 nota:
297 3059 454 3129 pontificios
466 3058 611 3128 perfidem
624 3076 678 3112 non
694 3058 847 3129 intelligere
859 3061 929 3116 fidu-

70 3135 105 3177 um
122 3129 217 3184 Christi
235 3129 404 3190 mediatoris,
424 3145 506 3199 quam
525 3127 687 3198 figmentum
700 3128 812 3196 quidam
823 3130 931 3186 Luthe-

70 3202 138 3266 mum,
165 3199 284 3265 (ἔφερον.
310 3214 374 3251 vero
403 3199 437 3248 de
469 3197 576 3252 Valeat.
600 3196 702 3263 disput.
729 3204 748 3250 1.
779 3207 884 3267 quaest.
902 3209 931 3256 4,.

70 3271 124 3318 mot.
139 3273 161 3322 4.
182 3276 200 3322 t.
219 3275 243 3323 3.
272 3267 323 3321 col.
341 3271 399 3321 431.
411 3265 445 3317 Ι).
467 3264 682 3318 commentitiam
702 3269 730 3317 et
751 3281 850 3321 vanam
869 3270 930 3324 hle·-

70 2723 178 2796 pt'ritum
200 2736 361 2796 soractem,-
384 2722 510 2784 divinae
532 2721 653 2804 gratiae
673 2745 730 2786 seu
754 2724 931 2788 misericor·
999 2782 1002 2787 .
