2250 3772
289 282 292 289 ⁴
348 235 401 301 De
420 247 562 301 extremo
578 234 711 320 judicic.
919 237 982 303 311

91 423 154 500 run
174 425 277 482 cuum,
297 414 331 469 et
354 403 424 490 ipse
439 403 599 490 judicabit
621 404 731 469 orbem
751 414 853 469 terrae
875 404 909 469 in
930 428 984 469 ae-

111 499 203 553 uitale.

94 506 114 569 q
163 573 287 637 Ecclea:
312 572 432 648 1214.
469 570 603 650 Ctmcta‚
625 595 708 657 quae
729 572 824 650 liunt,
846 573 982 638 adducet

103 652 234 721 Dominus
262 655 298 719 in
313 656 488 741 judicium,
517 658 613 729 etiam
635 658 774 735 occulta,
801 658 867 723 eive
896 659 982 724 bona

103 736 149 803 tint
163 741 224 807 aiva
244 740 339 811 mala.

164 829 227 892 Act
250 826 301 903 17,
323 826 385 892 31:
422 826 520 891 Diem
541 826 651 892 statuit
670 826 840 905 Dominua
861 826 895 891 in
918 850 982 912 quo

105 906 276 989 judicaturus
297 921 345 975 est
366 910 476 975 orbem
497 912 531 976 in
547 912 673 998 justitia
695 935 754 998 per
775 935 848 977 eum
869 912 983 991 virum,

106 1012 250 1081 perquem
272 995 420 1063 decrevit.

104 1162 142 1227 ml
156 1084 251 1229 Igiem.
276 1081 414 1158 14,10.·
454 1080 577 1146 Omnes
606 1080 854 1147 sistemurante
881 1081 983 1145 tribu-

183 1188 221 1235 e1.

165 1251 256 1316 Hebr.
278 1250 309 1326 9,
329 1250 393 1314 27:
428 1249 589 1316 Statutum
610 1263 659 1315 est
679 1251 861 1316 hominibua
883 1251 982 1315 semel

105 1331 170 1410 mori,
186 1346 259 1420 post
280 1335 342 1399 hoc
364 1346 471 1399 autem
487 1336 654 1420 judicium.

165 1423 266 1485 Actor.
283 1421 333 1496 10,
352 1420 415 1485 42:
440 1418 586 1487 Christus
606 1420 794 1486 constitutus
816 1430 864 1485 est
884 1420 982 1505 judex

105 1498 189 1569 clleo
208 1503 355 1569 vivorum
370 1515 408 1579 ¹ct
432 1518 638 1573 mortuorum.
919 1517 920 1520 ’

153 1617 264 1682 (Confer.
291 1616 356 1676 cu'm
379 1621 423 1676 hia
445 1624 556 1677 Daniel
578 1625 605 1693 7,
625 1627 650 1678 9.
671 1626 715 1677 10.
732 1625 789 1689 22,·
814 1624 982 1693 lfactare,

102 1684 141 1735 ³1·
157 1690 293 1744 1..Ytrcaa.
312 1695 336 1755 4,
355 1693 408 1759 135
432 1693 510 1760 epist.
536 1693 605 1745 Jud.
627 1695 739 1760 11,1.5,·
761 1693 849 1760 Aper.
870 1695 922 1762 20,
941 1696 983 1762 11,

104 1725 264 1825 tlipluribur
278 1757 490 1814 circumstantiis
501 1760 600 1829 ludicii
611 1761 694 1833 hujus
706 1770 863 1831 apparatur,
872 1778 974 1841 pompa

104 1832 219 1889 memus
248 1829 395 1895 sententia,
412 1835 441 1882 et
457 1830 580 1884 executio
599 1830 772 1893 describitur,
789 1828 838 1884 ubi
856 1830 930 1886 vide.
958 1801 983 1883 ll

168 1902 281 1949 uncta:
304 1896 445 1965 Neruam,
460 1898 610 1952 secundum
630 1914 712 1969 quam
731 1898 856 1952 Christus
874 1905 983 1953 senten·

132 1890 167 1947 lu

102 1902 234 2018 &eluet
249 1964 280 2017 in
295 1965 401 2035 judicio
418 1966 485 2034 hoc,
509 1982 570 2021 esse
590 1966 777 2037 evangelium,
797 1972 934 2037 quatenus
952 1966 983 2021 id

104 2034 205 2109 urata
222 2033 348 2088 doctrina
365 2034 477 2089 coelesti
488 2036 631 2105 accipitur,
651 2035 882 2107 quemadmodum
899 2035 983 2090 etiam

101 2099 210 2175 “plpitur
233 2102 316 2155 Rom.
335 2105 361 2172 2,
379 2106 433 2169 16;
449 2104 516 2160 Jol.
534 2107 562 2173 3,
579 2108 620 2160 18.
641 2112 670 2158 et
686 2122 709 2159 c.
728 2105 772 2172 12,
790 2106 829 2156 18.
871 2107 983 2158 lli-rant

105 2158 168 2233 lutus
187 2171 357 2239 Epicrati,
405 2172 434 2226 ui
459 2173 566 2226 nullum
590 2173 649 2226 lore
670 2173 807 2241 judicium
831 2178 983 2228 extremum

105 2240 229 2298 tltumant.
249 2245 279 2292 et
295 2239 336 2292 sic
354 2190 408 2294 aiil
426 2241 493 2311 ipsis
511 2241 581 2295 iram
598 2242 628 2294 in
645 2243 691 2296 die
710 2242 767 2296 irae
783 2242 981 2312 thesaurizant,

103 2298 197 2363 tPar.
214 2310 243 2375 3,
262 2310 299 2375 3,·
317 2309 388 2362 Jad.
403 2329 429 2363 c.
448 2311 508 2378 11.)

186 2445 215 2511 3.
264 2443 328 2509 cla
346 2467 415 2511 vero
427 2447 581 2531 judicium
599 2446 655 2510 loc
676 2448 873 2513 instituetur?

163 2559 206 2627 Ut
225 2562 447 2646 unusquisque
460 2564 587 2639 referat,
610 2585 692 2646 quae
713 2563 747 2627 in
769 2586 901 2651 corpore
922 2588 981 2630 auo

103 2632 186 2709 iecerit
214 2647 282 2711 aive
304 2646 440 2725 bonum,
472 2649 538 2713 sive
561 2649 696 2728 malum,
724 2649 754 2713 2.
777 2651 847 2716 Cor.
869 2651 908 2726 5,
934 2653 980 2717 10.

104 2716 189 2795 ltric
206 2731 332 2815 justitia
353 2733 419 2797 Dei
443 2733 477 2797 in
503 2733 719 2819 glorificandis
745 2734 869 2811 clectis,
893 2734 982 2818 judi-

102 2811 183 2878 cadis
202 2838 277 2882 vcro
296 2816 401 2903 impiis
423 2818 608 2885 celebretur.
630 2818 716 2886 Vide
736 2818 765 2884 2.
787 2820 890 2884 Tlrecs.
908 2823 936 2896 1,
950 2819 980 2885 5.

105 2987 111 3002 ,
153 2930 231 2992 (Finis
253 2935 340 3006 igitur
364 2935 465 3006 duplex
484 2942 536 3003 eat,
561 2952 612 3005 pro
636 2935 744 2989 ratione
762 2935 913 3006 duplicium
934 2937 981 2991 ob·

101 2999 216 3113 ffittprm.
259 3010 283 3062 1.
300 3004 440 3075 Respectu
463 3004 617 3071 hominum,
640 3004 734 3058 debita
757 3004 885 3058 nimirum
904 3006 982 3060 retri-

113 3070 173 3137 ,l10‚
213 3089 265 3127 uae
283 3072 440 3128 declaratur
458 3073 588 3127 adversis.
625 3078 647 3127 2.
666 3072 806 3143 Respectu
823 3073 885 3141 Dei,
900 3075 981 3145 justi·

103 3126 143 3186 hta
157 3090 304 3196 utilratio.
341 3141 411 3197 Cum
431 3142 504 3197 enim
523 3141 599 3195 Deua
613 3142 707 3210 justus
727 3141 777 3220 ait,
802 3159 913 3198 necasse
930 3148 982 3214 est,

103 3198 204 3280 liboris
222 3210 306 3265 etiam
326 3216 355 3264 et
371 3210 426 3282 piis
445 3210 569 3281 perfecte
588 3211 670 3266 bene.
689 3210 781 3279 impiis
799 3228 864 3266 vero
881 3219 909 3267 et
925 3230 982 3267 ma-

103 3256 163 3327 hta
176 3286 314 3335 aramum
331 3282 405 3334 male
420 3280 597 3335 retribuatur.
632 3280 673 3334 At
690 3296 755 3333 cum
771 3279 825 3335 hoc
844 3280 937 3353 iprum
951 3281 984 3336 ia
