2250 3772
124 242 190 309 510
346 238 454 327 Caput
472 238 532 307 IV.
575 239 628 305 De
650 239 824 327 baptismo.

124 429 153 481 p.
172 414 230 466 423.
268 410 380 461 Errant
403 412 427 463 t.
442 406 599 476 pontificii,
618 407 666 479 qui
691 413 713 463 1.
733 408 910 480 baptismum
925 410 1025 481 potest}

125 480 219 535 omnia
236 476 370 531 radicitus
388 475 428 529 sic
446 476 544 530 tollere
564 480 704 541 asserunt,
723 483 758 531 ut
775 496 870 551 neque
883 494 973 561 poem
987 493 1024 531 ne

127 565 182 620 que
200 548 285 617 culpa
300 546 358 600 sive
375 552 468 599 reatus
481 545 626 614 supersint
656 544 722 600 Vid.
740 548 915 603 Bellus-msa.
931 547 950 600 l.
964 554 984 602 l.
997 544 1024 599 tls

125 618 254 687 baptism,
274 631 298 669 c.
319 620 359 669 12.
379 620 407 668 st
429 619 469 669 13.
488 630 544 683 seq.
571 618 590 667 t.
610 619 634 669 3.
657 615 710 669 col.
729 620 790 671 289.
809 616 843 671 O.
866 624 896 673 et
917 616 965 671 col.
978 630 1023 685 seu

128 687 200 742 Cum
217 684 332 738 tollatur
350 682 543 736 tantummodo
561 689 656 737 reatus
673 682 732 738 sive
747 684 835 755 culpa
850 683 1023 749 &ornationis

126 756 227 809 vitium
250 760 342 806 autem
367 752 426 806 sivo
450 751 612 820 depravatio
637 759 756 808 naturae
778 754 866 808 etiam
887 756 917 809 in
936 751 1023 807 essu

127 828 240 878 maneat
256 820 383 886 residua,
407 821 489 873 Ituna
511 823 666 889 7‚17.24‚
687 821 771 890 justa
795 823 869 877 illud
890 818 1023 891 Aupssls'ss'

127 894 163 948 de
179 898 257 960 nupt
276 897 305 943 et
322 889 479 958 concupisc
496 904 558 957 cap.
577 895 617 943 25.
636 894 703 944 tom.
720 898 743 943 7.
763 891 814 944 ool
828 898 889 948 814.
909 892 952 947 D:
967 890 1022 943 Pa

126 969 221 1014 cotum
237 959 348 1012 tollitur
362 959 393 1009 ia
405 958 551 1026 baptimo,
571 976 628 1010 noo
644 967 675 1011 ut
690 978 747 1013 noo
760 960 806 1024 ss't,
823 964 880 1015 ssd
890 970 922 1014 ut
938 961 966 1013 s's
972 974 1022 1028 pst·

128 1037 221 1083 cotum
238 1044 295 1080 non
314 1027 474 1094 inpleatur.
505 1026 539 1078 ln
557 1025 595 1079 ba
614 1026 695 1080 tismo
719 1028 795 1082 enim
817 1045 909 1085 conen
927 1024 1022 1083 nomm
1059 1060 1061 1069 =

127 1098 250 1163 tollitur,
276 1112 332 1148 non
351 1102 458 1149 utnon
477 1094 527 1161 sit,
550 1043 614 1149 sei>
620 1101 652 1148 ut
669 1113 725 1150 non
744 1097 827 1152 obsit
866 1104 890 1153 2.
947 1096 1020 1151 ufens

127 1166 248 1238 gratiam
267 1171 296 1217 ct
313 1164 400 1221 dona.
423 1163 524 1235 quibus
545 1163 627 1217 homo
645 1164 799 1221 formaliter
812 1166 983 1237 justificetur,
995 1178 1020 1217 ss
1059 1174 1061 1195 ²

128 1251 211 1305 opere
229 1239 353 1303 operato,
369 1250 417 1285 um
438 1233 488 1285 des
504 1232 691 1288 tusserlichen
711 1234 814 1289 Works
835 1236 933 1292 willen.
965 1232 1019 1287 (lun
1058 1246 1061 1283 ε

127 1304 236 1358 nullum
261 1308 355 1357 tamen
378 1306 596 1368 sacramentum,
622 1302 697 1372 quod
721 1321 807 1373 supra
827 1305 979 1365 docuimus,
995 1315 1020 1353 es

128 1390 213 1442 opere
233 1376 346 1441 operato
365 1371 483 1424 salutem
501 1370 628 1424 conferre
647 1371 742 1439 possit.
771 1374 826 1436 Qui
845 1371 1020 1429 credideritsl

126 1442 284 1511 baptisatus
300 1439 387 1493 fuerit
403 1448 464 1507 etc,
483 1439 579 1492 Maro.
596 1442 639 1507 16,
659 1442 700 1493 16.
741 1442 809 1495 Non
833 1444 904 1511 quio
927 1440 1019 1503 aaa,

127 1511 181 1564 sod
198 1510 266 1579 quia
283 1507 418 1570 creditur,
436 1516 642 1560 sacramentum
658 1509 787 1563 solutore
800 1520 849 1567 est.
867 1509 1019 1580 napserim

127 1585 209 1633 tract.
230 1586 271 1633 tt.
291 1582 320 1629 in
336 1576 401 1632 Joh.
422 1593 446 1630 c.
467 1584 506 1632 15.
525 1583 544 1630 t.
565 1584 589 1631 9.
611 1576 664 1630 col.
683 1584 742 1633 445.
760 1578 795 1632 Α
838 1586 863 1636 3.
882 1578 1019 1650 lmprimett

129 1647 318 1703 characterem
337 1645 521 1700 indelebilem.
564 1643 635 1700 Cum
653 1652 747 1700 tamen
763 1647 838 1702 inter
856 1650 930 1718 ipsos
946 1644 1017 1701 adhue

131 1718 183 1771 sub
200 1715 346 1797 judicalis
366 1715 410 1782 sit,
430 1715 476 1768 cui
497 1713 624 1783 subjecto
642 1720 670 1768 et
681 1717 820 1786 quomodo
836 1714 1018 1772 characteristr

129 1786 309 1855 imprimatur.
332 1784 407 1839 Vide
427 1784 524 1839 Thom.
543 1789 566 1838 3.
586 1790 691 1852 quaest.
710 1790 750 1839 ⁸53.
769 1786 848 1841 artic.
869 1794 893 1842 5.
927 1784 1018 1839 Bous

128 1858 194 1909 min.
213 1855 231 1908 l.
258 1855 293 1907 de
312 1852 402 1907 effect.
422 1869 536 1905 sacram.
561 1868 583 1904 c.
607 1858 645 1907 19.
671 1856 689 1904 t.
710 1858 733 1907 3.
759 1855 811 1908 col.
832 1861 890 1911 180.
954 1898 959 1909 .

129 1924 173 1978 his
185 1922 344 1993 Scripturas
361 1921 447 1974 codex
465 1920 553 1991 magis
571 1927 664 1973 mutus
700 1924 861 2004 uamupiscis
874 1872 964 1981 arieli

986 1848 1019 1903 n

130 2009 203 2063 ergo.
247 1996 359 2045 Errant
383 1990 502 2058 denique
527 1998 549 2043 5.
570 1989 637 2042 novi
657 1990 686 2042 P
703 1992 838 2059 ottranni,
866 1994 913 2064 qui
933 1932 1019 2045 nollrll

131 2063 215 2115 alium
234 2059 366 2129 baptismi
383 2058 468 2112 finem
486 2065 649 2128 agnoscunt,
670 2076 752 2128 quam
770 2062 846 2131 quod
864 2062 894 2116 in
923 2056 1018 2127 rincipio

129 2129 324 2185 christianismi
343 2128 468 2181 conversi
487 2127 540 2181 hac
556 2134 669 2180 esterna
687 2130 843 2184 ceremonia
861 2148 891 2186 se
902 2080 1018 2185 ghristus

127 2198 279 2252 Dominum
290 2213 441 2267 agnoscere
457 2195 582 2265 professi.
609 2194 718 2249 Gateolt.
731 2200 837 2253 Itaeoo.
857 2200 893 2256 de
914 2196 1018 2271 baptism

129 2284 174 2337 aq.
194 2284 217 2320 c.
236 2273 260 2321 4.
278 2284 306 2335 p.
325 2272 383 2319 228.
418 2265 458 2317 At
476 2281 508 2318 eo
529 2265 599 2334 ipso,
617 2271 751 2334 quantum
769 2267 800 2320 in
817 2267 888 2338 ipsis
899 2273 947 2333 ost.
965 2264 1019 2320 ten·

130 2344 229 2405 pturae
248 2335 425 2388 autoritatem
442 2334 526 2403 plane
544 2339 697 2397 enervant.)

130 2432 183 2495 22.
230 2428 321 2507 Quod
342 2432 370 2491 si
388 2433 557 2512 boptssmus
588 2440 631 2491 est
659 2431 817 2493 lavacrum
838 2428 1018 2515 repererotio·

163 2518 223 2592 nia,
245 2538 323 2579 oraria
346 2537 448 2576 ornnes
471 2515 618 2597 baptisati
639 2516 854 2578 eodemmodo
877 2536 988 2599 reptat·

515 2596 651 2660 rantur?

214 2700 300 2764 Non.
325 2696 601 2783 Distinguendum
631 2697 716 2761 enim
737 2698 789 2762 hic
819 2709 869 2764 est
890 2698 968 2763 inter
983 2695 1019 2759 in·

129 2784 233 2849 fantes
256 2796 285 2847 et
309 2784 444 2850 adultos.
491 2781 614 2848 Omnes
641 2782 771 2866 quidem
799 2798 832 2848 et
852 2784 967 2871 singuli
983 2780 1019 2845 io-

127 2870 231 2934 fantes
249 2883 487 2954 regenerantur,
503 2870 558 2951 qui
567 2869 662 2951 juxta
676 2867 912 2934 institutionem
922 2860 1018 2935 Christi

129 2955 350 3040 baptisantur3
377 2953 476 3017 adulti
505 2974 581 3016 vero
603 2960 672 3016 ‘non
695 2974 823 3031 omnes,
851 2956 908 3019 sed
927 2955 946 3017 ii
967 2966 1019 3015 tan·

129 3051 207 3115 tum,
230 3039 285 3122 qui
309 3039 441 3102 credunt
462 3048 494 3101 et
511 3036 688 3122 operationi
703 3035 843 3123 Spiritus
861 3038 957 3104 sancti
969 3056 1018 3099 non

129 3124 291 3190 resistunt.

199 3223 253 3287 (De
269 3224 330 3277 istis
345 3228 456 3278 exstant
472 3223 643 3277 testimonia:
661 3222 821 3295 quicunque
838 3220 968 3295 baptizati
982 3234 1017 3295 sug

127 3308 190 3344 mus
208 3292 237 3345 in
254 3291 394 3346 Christum
412 3299 474 3359 etc..
490 3294 609 3347 Roman.
629 3295 654 3353 6,
673 3295 700 3361 3,
723 3292 885 3363 quicunque
906 3290 1017 3363 baptisst
