<?xml version="1.0" encoding="UTF-8"?>
<!DOCTYPE html PUBLIC "-//W3C//DTD XHTML 1.0 Transitional//EN"
    "http://www.w3.org/TR/xhtml1/DTD/xhtml1-transitional.dtd">
<html xmlns="http://www.w3.org/1999/xhtml" xml:lang="en" lang="en">
 <head>
  <title>
</title>
<meta http-equiv="Content-Type" content="text/html;charset=utf-8" />
  <meta name='ocr-system' content='tesseract 3.04.00' />
  <meta name='ocr-capabilities' content='ocr_page ocr_carea ocr_par ocr_line ocrx_word'/>
</head>
<body>
  <div class='ocr_page' id='page_1' title='image "./dconradidieteri00dietgoog_0096.png"; bbox 0 0 2250 3772; ppageno 0'>
   <div class='ocr_carea' id='block_1_1' title="bbox 210 210 990 303">
    <p class='ocr_par' dir='ltr' id='par_1_1' title="bbox 210 210 990 303">
     <span class='ocr_line' id='line_1_1' title="bbox 210 210 990 303; baseline 0 -26"><span class='ocrx_word' id='word_1_1' title='bbox 210 212 300 281; x_wconf 88' lang='lat' dir='ltr'><strong>Prim.</strong></span> <span class='ocrx_word' id='word_1_2' title='bbox 314 235 421 303; x_wconf 84' lang='lat' dir='ltr'><strong>praec.</strong></span> <span class='ocrx_word' id='word_1_3' title='bbox 435 250 478 259; x_wconf 86' lang='lat'><em>-</em></span> <span class='ocrx_word' id='word_1_4' title='bbox 498 213 550 279; x_wconf 87' lang='lat' dir='ltr'><strong>De</strong></span> <span class='ocrx_word' id='word_1_5' title='bbox 566 211 702 297; x_wconf 87' lang='lat' dir='ltr'><strong>sculptil.</strong></span> <span class='ocrx_word' id='word_1_6' title='bbox 719 223 751 276; x_wconf 87' lang='lat' dir='ltr'><strong>et</strong></span> <span class='ocrx_word' id='word_1_7' title='bbox 765 211 861 299; x_wconf 82' lang='lat' dir='ltr'><strong>imag.</strong></span> <span class='ocrx_word' id='word_1_8' title='bbox 947 210 990 279; x_wconf 86' lang='grc'><strong>63</strong></span> 
     </span>
    </p>
   </div>
   <div class='ocr_carea' id='block_1_2' title="bbox 109 376 989 782">
    <p class='ocr_par' dir='ltr' id='par_1_2' title="bbox 109 376 989 782">
     <span class='ocr_line' id='line_1_2' title="bbox 128 376 989 454; baseline 0 -21"><span class='ocrx_word' id='word_1_9' title='bbox 128 376 134 389; x_wconf 91' lang='grc'><strong>’</strong></span> <span class='ocrx_word' id='word_1_10' title='bbox 159 376 290 454; x_wconf 80' lang='lat' dir='ltr'><strong>&#39;ideoque</strong></span> <span class='ocrx_word' id='word_1_11' title='bbox 314 382 351 437; x_wconf 82' lang='lat' dir='ltr'><strong>ad</strong></span> <span class='ocrx_word' id='word_1_12' title='bbox 381 381 534 439; x_wconf 86' lang='lat' dir='ltr'><strong>secundem</strong></span> <span class='ocrx_word' id='word_1_13' title='bbox 560 380 685 435; x_wconf 80' lang='lat' dir='ltr'><strong>tabulam</strong></span> <span class='ocrx_word' id='word_1_14' title='bbox 708 386 736 434; x_wconf 89' lang='lat' dir='ltr'><strong>et</strong></span> <span class='ocrx_word' id='word_1_15' title='bbox 762 379 875 450; x_wconf 91' lang='lat' dir='ltr'><strong>quidem</strong></span> <span class='ocrx_word' id='word_1_16' title='bbox 896 380 989 449; x_wconf 91' lang='lat' dir='ltr'><strong>primo</strong></span> 
     </span>
     <span class='ocr_line' id='line_1_3' title="bbox 110 394 988 531; baseline 0.001 -31"><span class='ocrx_word' id='word_1_17' title='bbox 110 394 331 505; x_wconf 58' lang='lat' dir='ltr'><strong>fflafaendum</strong></span> <span class='ocrx_word' id='word_1_18' title='bbox 349 448 395 515; x_wconf 86' lang='lat' dir='ltr'><strong>fit,</strong></span> <span class='ocrx_word' id='word_1_19' title='bbox 422 467 477 531; x_wconf 84' lang='lat' dir='ltr'><strong>quc</strong></span> <span class='ocrx_word' id='word_1_20' title='bbox 496 467 579 504; x_wconf 90' lang='lat' dir='ltr'><strong>sensu</strong></span> <span class='ocrx_word' id='word_1_21' title='bbox 595 450 669 503; x_wconf 90' lang='lat' dir='ltr'><strong>inter</strong></span> <span class='ocrx_word' id='word_1_22' title='bbox 691 449 747 503; x_wconf 87' lang='lat' dir='ltr'><strong>alia</strong></span> <span class='ocrx_word' id='word_1_23' title='bbox 766 456 793 503; x_wconf 93' lang='lat' dir='ltr'><strong>et</strong></span> <span class='ocrx_word' id='word_1_24' title='bbox 810 449 931 518; x_wconf 89' lang='lat' dir='ltr'><strong>primurn</strong></span> <span class='ocrx_word' id='word_1_25' title='bbox 947 448 988 501; x_wconf 87' lang='lat' dir='ltr'><strong>di·</strong></span> 
     </span>
     <span class='ocr_line' id='line_1_4' title="bbox 110 513 986 589; baseline 0.002 -21"><span class='ocrx_word' id='word_1_26' title='bbox 110 513 169 581; x_wconf 85' lang='lat' dir='ltr'><strong>citur,</strong></span> <span class='ocrx_word' id='word_1_27' title='bbox 184 520 279 587; x_wconf 82' lang='lat' dir='ltr'><strong>Ephcs.</strong></span> <span class='ocrx_word' id='word_1_28' title='bbox 293 523 319 582; x_wconf 81' lang='lat'><strong>6,</strong></span> <span class='ocrx_word' id='word_1_29' title='bbox 333 522 360 572; x_wconf 88' lang='lat'><strong>2.</strong></span> <span class='ocrx_word' id='word_1_30' title='bbox 395 518 454 573; x_wconf 89' lang='lat' dir='ltr'><strong>Alri</strong></span> <span class='ocrx_word' id='word_1_31' title='bbox 472 520 508 573; x_wconf 92' lang='lat' dir='ltr'><strong>ad</strong></span> <span class='ocrx_word' id='word_1_32' title='bbox 526 519 643 589; x_wconf 89' lang='lat' dir='ltr'><strong>primam</strong></span> <span class='ocrx_word' id='word_1_33' title='bbox 660 516 787 572; x_wconf 89' lang='lat' dir='ltr'><strong>tabulam</strong></span> <span class='ocrx_word' id='word_1_34' title='bbox 806 523 926 587; x_wconf 88' lang='lat' dir='ltr'><strong>quatuor</strong></span> <span class='ocrx_word' id='word_1_35' title='bbox 944 533 986 570; x_wconf 81' lang='lat' dir='ltr'><strong>re·</strong></span> 
     </span>
     <span class='ocr_line' id='line_1_5' title="bbox 111 581 988 657; baseline -0.001 -16"><span class='ocrx_word' id='word_1_36' title='bbox 111 581 178 641; x_wconf 74' lang='lat' dir='ltr'><strong>luant</strong></span> <span class='ocrx_word' id='word_1_37' title='bbox 190 595 345 657; x_wconf 87' lang='lat' dir='ltr'><strong>praecepta:</strong></span> <span class='ocrx_word' id='word_1_38' title='bbox 367 595 390 645; x_wconf 90' lang='lat' dir='ltr'><strong>l.</strong></span> <span class='ocrx_word' id='word_1_39' title='bbox 409 588 518 643; x_wconf 84' lang='lat' dir='ltr'><strong>deuon</strong></span> <span class='ocrx_word' id='word_1_40' title='bbox 540 587 676 642; x_wconf 79' lang='lat' dir='ltr'><strong>habendis</strong></span> <span class='ocrx_word' id='word_1_41' title='bbox 695 586 748 640; x_wconf 92' lang='lat' dir='ltr'><strong>diis</strong></span> <span class='ocrx_word' id='word_1_42' title='bbox 765 585 872 642; x_wconf 87' lang='lat' dir='ltr'><strong>alienis.</strong></span> <span class='ocrx_word' id='word_1_43' title='bbox 900 592 924 640; x_wconf 87' lang='lat'><strong>2.</strong></span> <span class='ocrx_word' id='word_1_44' title='bbox 942 585 988 640; x_wconf 92' lang='lat' dir='ltr'><strong>De</strong></span> 
     </span>
     <span class='ocr_line' id='line_1_6' title="bbox 110 654 988 712; baseline 0.005 -7"><span class='ocrx_word' id='word_1_45' title='bbox 110 667 150 706; x_wconf 87' lang='lat' dir='ltr'><strong>ror</strong></span> <span class='ocrx_word' id='word_1_46' title='bbox 161 654 284 711; x_wconf 73' lang='lat' dir='ltr'><strong>faciendis</strong></span> <span class='ocrx_word' id='word_1_47' title='bbox 301 657 362 711; x_wconf 87' lang='lat' dir='ltr'><strong>scul</strong></span> <span class='ocrx_word' id='word_1_48' title='bbox 381 656 487 711; x_wconf 83' lang='lat' dir='ltr'><strong>lilibus.</strong></span> <span class='ocrx_word' id='word_1_49' title='bbox 514 661 538 712; x_wconf 85' lang='lat'><strong>3.</strong></span> <span class='ocrx_word' id='word_1_50' title='bbox 558 655 603 711; x_wconf 89' lang='lat' dir='ltr'><strong>De</strong></span> <span class='ocrx_word' id='word_1_51' title='bbox 620 673 676 709; x_wconf 94' lang='lat' dir='ltr'><strong>non</strong></span> <span class='ocrx_word' id='word_1_52' title='bbox 694 655 860 709; x_wconf 87' lang='lat' dir='ltr'><strong>assumendo</strong></span> <span class='ocrx_word' id='word_1_53' title='bbox 877 655 988 709; x_wconf 89' lang='lat' dir='ltr'><strong>nomine</strong></span> 
     </span>
     <span class='ocr_line' id='line_1_7' title="bbox 109 712 987 782; baseline 0.002 -7"><span class='ocrx_word' id='word_1_54' title='bbox 109 712 304 781; x_wconf 81' lang='lat' dir='ltr'><strong>lla&#39;inranum.</strong></span> <span class='ocrx_word' id='word_1_55' title='bbox 331 733 355 782; x_wconf 82' lang='lat'><strong>4.</strong></span> <span class='ocrx_word' id='word_1_56' title='bbox 397 724 650 781; x_wconf 86' lang='lat' dir='ltr'><strong>esanctilicatione</strong></span> <span class='ocrx_word' id='word_1_57' title='bbox 669 722 804 778; x_wconf 76' lang='lat' dir='ltr'><strong>sabbathi.</strong></span> <span class='ocrx_word' id='word_1_58' title='bbox 841 722 987 779; x_wconf 78' lang='lat' dir='ltr'><strong>Secundae</strong></span> 
     </span>
    </p>
   </div>
   <div class='ocr_carea' id='block_1_3' title="bbox 60 791 1108 865">
    <p class='ocr_par' dir='ltr' id='par_1_3' title="bbox 60 791 1108 865">
     <span class='ocr_line' id='line_1_8' title="bbox 60 791 1108 865; baseline -0.002 -19"><span class='ocrx_word' id='word_1_59' title='bbox 60 824 63 863; x_wconf 59' lang='grc' dir='ltr'><em>ς</em></span> <span class='ocrx_word' id='word_1_60' title='bbox 109 793 279 863; x_wconf 71' lang='lat' dir='ltr'><strong>mutulae,</strong></span> <span class='ocrx_word' id='word_1_61' title='bbox 299 792 434 849; x_wconf 81' lang='lat' dir='ltr'><strong>habentes</strong></span> <span class='ocrx_word' id='word_1_62' title='bbox 450 797 633 865; x_wconf 84' lang='lat' dir='ltr'><strong>praeceptum</strong></span> <span class='ocrx_word' id='word_1_63' title='bbox 651 793 686 847; x_wconf 91' lang='lat' dir='ltr'><strong>de</strong></span> <span class='ocrx_word' id='word_1_64' title='bbox 698 808 754 846; x_wconf 91' lang='lat' dir='ltr'><strong>non</strong></span> <span class='ocrx_word' id='word_1_65' title='bbox 766 791 989 862; x_wconf 84' lang='lat' dir='ltr'><strong>concupiscenda</strong></span> <span class='ocrx_word' id='word_1_66' title='bbox 1102 822 1108 834; x_wconf 57' lang='grc' dir='ltr'>ι</span> 
     </span>
    </p>
   </div>
   <div class='ocr_carea' id='block_1_4' title="bbox 60 854 987 1811">
    <p class='ocr_par' dir='ltr' id='par_1_4' title="bbox 60 854 987 1811">
     <span class='ocr_line' id='line_1_9' title="bbox 110 854 987 935; baseline 0.005 -21"><span class='ocrx_word' id='word_1_67' title='bbox 110 854 166 914; x_wconf 82' lang='lat' dir='ltr'><strong>lano</strong></span> <span class='ocrx_word' id='word_1_68' title='bbox 179 862 221 917; x_wconf 84' lang='lat' dir='ltr'><strong>vel</strong></span> <span class='ocrx_word' id='word_1_69' title='bbox 236 879 331 933; x_wconf 87' lang='lat' dir='ltr'><strong>uxore,</strong></span> <span class='ocrx_word' id='word_1_70' title='bbox 349 880 401 935; x_wconf 91' lang='lat' dir='ltr'><strong>pro</strong></span> <span class='ocrx_word' id='word_1_71' title='bbox 420 880 476 917; x_wconf 94' lang='lat' dir='ltr'><strong>uno</strong></span> <span class='ocrx_word' id='word_1_72' title='bbox 496 868 525 917; x_wconf 89' lang='lat' dir='ltr'><strong>et</strong></span> <span class='ocrx_word' id='word_1_73' title='bbox 542 862 649 931; x_wconf 88' lang='lat' dir='ltr'><strong>eodem,</strong></span> <span class='ocrx_word' id='word_1_74' title='bbox 667 878 715 915; x_wconf 88' lang='lat' dir='ltr'><strong>sex</strong></span> <span class='ocrx_word' id='word_1_75' title='bbox 726 861 877 931; x_wconf 83' lang='lat' dir='ltr'><strong>assignant.</strong></span> <span class='ocrx_word' id='word_1_76' title='bbox 896 861 987 925; x_wconf 77' lang='lat' dir='ltr'><strong>Quum</strong></span> 
     </span>
     <span class='ocr_line' id='line_1_10' title="bbox 108 924 987 1001; baseline 0.005 -20"><span class='ocrx_word' id='word_1_77' title='bbox 108 924 238 985; x_wconf 80' lang='lat' dir='ltr'><strong>divisionem</strong></span> <span class='ocrx_word' id='word_1_78' title='bbox 256 930 363 987; x_wconf 86' lang='lat' dir='ltr'><strong>habent</strong></span> <span class='ocrx_word' id='word_1_79' title='bbox 380 932 522 1001; x_wconf 79' lang='lat' dir='ltr'><strong>Joaaphaa</strong></span> <span class='ocrx_word' id='word_1_80' title='bbox 547 931 598 987; x_wconf 83' lang='lat' dir='ltr'><strong>loc.</strong></span> <span class='ocrx_word' id='word_1_81' title='bbox 622 948 697 1000; x_wconf 88' lang='lat' dir='ltr'><strong>supr.</strong></span> <span class='ocrx_word' id='word_1_82' title='bbox 716 929 797 1000; x_wconf 83' lang='lat' dir='ltr'><strong>alleg.</strong></span> <span class='ocrx_word' id='word_1_83' title='bbox 833 931 987 985; x_wconf 71' lang='lat' dir='ltr'><strong>Nazianze-</strong></span> 
     </span>
     <span class='ocr_line' id='line_1_11' title="bbox 60 997 987 1070; baseline -0.002 -15"><span class='ocrx_word' id='word_1_84' title='bbox 60 1042 62 1049; x_wconf 88' lang='lat'><strong>.</strong></span> <span class='ocrx_word' id='word_1_85' title='bbox 106 1010 142 1049; x_wconf 64' lang='grc' dir='ltr'>Μ</span> <span class='ocrx_word' id='word_1_86' title='bbox 160 998 184 1054; x_wconf 82' lang='lat' dir='ltr'><strong>iu</strong></span> <span class='ocrx_word' id='word_1_87' title='bbox 200 1017 285 1057; x_wconf 74' lang='lat' dir='ltr'><strong>carm.</strong></span> <span class='ocrx_word' id='word_1_88' title='bbox 304 1005 325 1054; x_wconf 86' lang='lat' dir='ltr'><strong>t.</strong></span> <span class='ocrx_word' id='word_1_89' title='bbox 347 1006 371 1057; x_wconf 82' lang='lat'><strong>2.</strong></span> <span class='ocrx_word' id='word_1_90' title='bbox 393 1018 421 1070; x_wconf 88' lang='lat' dir='ltr'><strong>p.</strong></span> <span class='ocrx_word' id='word_1_91' title='bbox 440 1005 497 1056; x_wconf 83' lang='lat'><strong>908.</strong></span> <span class='ocrx_word' id='word_1_92' title='bbox 540 1002 579 1055; x_wconf 89' lang='lat' dir='ltr'><strong>D.</strong></span> <span class='ocrx_word' id='word_1_93' title='bbox 597 1001 788 1066; x_wconf 69' lang='lat' dir='ltr'><strong>Hieronymus</strong></span> <span class='ocrx_word' id='word_1_94' title='bbox 812 997 841 1051; x_wconf 89' lang='lat' dir='ltr'><strong>in</strong></span> <span class='ocrx_word' id='word_1_95' title='bbox 858 1015 882 1053; x_wconf 90' lang='lat' dir='ltr'><strong>c.</strong></span> <span class='ocrx_word' id='word_1_96' title='bbox 902 1005 926 1054; x_wconf 81' lang='lat'><strong>6.</strong></span> <span class='ocrx_word' id='word_1_97' title='bbox 950 997 987 1055; x_wconf 82' lang='lat' dir='ltr'><strong>ad</strong></span> 
     </span>
     <span class='ocr_line' id='line_1_12' title="bbox 60 1064 986 1141; baseline 0.002 -20"><span class='ocrx_word' id='word_1_98' title='bbox 60 1124 62 1135; x_wconf 66' lang='grc'>,</span> <span class='ocrx_word' id='word_1_99' title='bbox 134 1064 178 1121; x_wconf 88' lang='lat' dir='ltr'><strong>bes.</strong></span> <span class='ocrx_word' id='word_1_100' title='bbox 194 1073 214 1123; x_wconf 89' lang='lat' dir='ltr'><strong>t.</strong></span> <span class='ocrx_word' id='word_1_101' title='bbox 234 1074 258 1126; x_wconf 83' lang='lat'><strong>9.</strong></span> <span class='ocrx_word' id='word_1_102' title='bbox 276 1087 305 1140; x_wconf 87' lang='lat' dir='ltr'><strong>p.</strong></span> <span class='ocrx_word' id='word_1_103' title='bbox 325 1075 374 1125; x_wconf 81' lang='lat'><strong>237</strong></span> <span class='ocrx_word' id='word_1_104' title='bbox 394 1070 428 1125; x_wconf 88' lang='lat' dir='ltr'><strong>A.</strong></span> <span class='ocrx_word' id='word_1_105' title='bbox 464 1069 630 1123; x_wconf 78' lang='lat' dir='ltr'><strong>Ambrosius</strong></span> <span class='ocrx_word' id='word_1_106' title='bbox 647 1082 745 1123; x_wconf 88' lang='lat' dir='ltr'><strong>comm.</strong></span> <span class='ocrx_word' id='word_1_107' title='bbox 766 1067 796 1120; x_wconf 92' lang='lat' dir='ltr'><strong>in</strong></span> <span class='ocrx_word' id='word_1_108' title='bbox 816 1083 840 1121; x_wconf 88' lang='lat' dir='ltr'><strong>c.</strong></span> <span class='ocrx_word' id='word_1_109' title='bbox 862 1072 886 1122; x_wconf 90' lang='grc'><strong>6.</strong></span> <span class='ocrx_word' id='word_1_110' title='bbox 906 1068 986 1141; x_wconf 87' lang='lat' dir='ltr'><strong>epist.</strong></span> 
     </span>
     <span class='ocr_line' id='line_1_13' title="bbox 60 1134 987 1207; baseline 0.001 -16"><span class='ocrx_word' id='word_1_111' title='bbox 60 1176 62 1191; x_wconf 90' lang='grc'><strong>.</strong></span> <span class='ocrx_word' id='word_1_112' title='bbox 140 1134 279 1193; x_wconf 72' lang='lat' dir='ltr'><strong>aare.</strong></span> <span class='ocrx_word' id='word_1_113' title='bbox 295 1156 323 1207; x_wconf 90' lang='lat' dir='ltr'><strong>p.</strong></span> <span class='ocrx_word' id='word_1_114' title='bbox 344 1144 402 1194; x_wconf 78' lang='lat'><strong>361.</strong></span> <span class='ocrx_word' id='word_1_115' title='bbox 421 1142 450 1192; x_wconf 94' lang='lat' dir='ltr'><strong>et</strong></span> <span class='ocrx_word' id='word_1_116' title='bbox 467 1137 523 1205; x_wconf 87' lang='lat' dir='ltr'><strong>alii,</strong></span> <span class='ocrx_word' id='word_1_117' title='bbox 548 1136 721 1207; x_wconf 84' lang='lat' dir='ltr'><strong>eandemque</strong></span> <span class='ocrx_word' id='word_1_118' title='bbox 739 1152 790 1206; x_wconf 87' lang='lat' dir='ltr'><strong>pro</strong></span> <span class='ocrx_word' id='word_1_119' title='bbox 810 1140 920 1207; x_wconf 77' lang='lat' dir='ltr'><strong>ugnant</strong></span> <span class='ocrx_word' id='word_1_120' title='bbox 938 1138 987 1192; x_wconf 93' lang='lat' dir='ltr'><strong>ho-</strong></span> 
     </span>
     <span class='ocr_line' id='line_1_14' title="bbox 60 1153 986 1285; baseline 0.006 -30"><span class='ocrx_word' id='word_1_121' title='bbox 60 1226 64 1279; x_wconf 78' lang='grc' dir='ltr'><strong>ἰι</strong></span> <span class='ocrx_word' id='word_1_122' title='bbox 105 1154 305 1283; x_wconf 60' lang='lat' dir='ltr'><strong>licbpalviniani.</strong></span> <span class='ocrx_word' id='word_1_123' title='bbox 340 1207 399 1261; x_wconf 90' lang='lat' dir='ltr'><strong>Alii</strong></span> <span class='ocrx_word' id='word_1_124' title='bbox 415 1212 595 1279; x_wconf 88' lang='lat' dir='ltr'><strong>praeceptum</strong></span> <span class='ocrx_word' id='word_1_125' title='bbox 613 1204 648 1259; x_wconf 85' lang='lat' dir='ltr'><strong>dc</strong></span> <span class='ocrx_word' id='word_1_126' title='bbox 665 1153 841 1285; x_wconf 59' lang='lat' dir='ltr'><strong>sculptilibirs</strong></span> <span class='ocrx_word' id='word_1_127' title='bbox 863 1220 919 1259; x_wconf 91' lang='lat' dir='ltr'><strong>non</strong></span> <span class='ocrx_word' id='word_1_128' title='bbox 937 1224 986 1276; x_wconf 91' lang='lat' dir='ltr'><strong>pe·</strong></span> 
     </span>
     <span class='ocr_line' id='line_1_15' title="bbox 104 1269 986 1396; baseline -0.002 -67"><span class='ocrx_word' id='word_1_129' title='bbox 104 1269 180 1329; x_wconf 77' lang='lat' dir='ltr'><strong>aune</strong></span> <span class='ocrx_word' id='word_1_130' title='bbox 202 1279 397 1396; x_wconf 79' lang='lat' dir='ltr'><strong>praeceptum,</strong></span> <span class='ocrx_word' id='word_1_131' title='bbox 429 1275 478 1330; x_wconf 90' lang='lat' dir='ltr'><strong>sed</strong></span> <span class='ocrx_word' id='word_1_132' title='bbox 503 1274 715 1344; x_wconf 82' lang='lat' dir='ltr'><strong>explicationem</strong></span> <span class='ocrx_word' id='word_1_133' title='bbox 740 1291 824 1343; x_wconf 88' lang='lat' dir='ltr'><strong>prrmr</strong></span> <span class='ocrx_word' id='word_1_134' title='bbox 843 1291 943 1345; x_wconf 84' lang='lat' dir='ltr'><strong>praeca</strong></span> <span class='ocrx_word' id='word_1_135' title='bbox 964 1274 986 1328; x_wconf 87' lang='lat' dir='ltr'><strong>ti</strong></span> 
     </span>
     <span class='ocr_line' id='line_1_16' title="bbox 104 1342 986 1412; baseline 0.005 -19"><span class='ocrx_word' id='word_1_136' title='bbox 104 1342 217 1411; x_wconf 74' lang='lat' dir='ltr'><strong>abtuunt,</strong></span> <span class='ocrx_word' id='word_1_137' title='bbox 247 1349 276 1399; x_wconf 89' lang='lat' dir='ltr'><strong>et</strong></span> <span class='ocrx_word' id='word_1_138' title='bbox 319 1344 329 1397; x_wconf 90' lang='lat' dir='ltr'><strong>i</strong></span> <span class='ocrx_word' id='word_1_139' title='bbox 354 1344 409 1399; x_wconf 88' lang='lat' dir='ltr'><strong>tria</strong></span> <span class='ocrx_word' id='word_1_140' title='bbox 426 1348 536 1397; x_wconf 88' lang='lat' dir='ltr'><strong>tanturn</strong></span> <span class='ocrx_word' id='word_1_141' title='bbox 559 1343 665 1412; x_wconf 90' lang='lat' dir='ltr'><strong>primae</strong></span> <span class='ocrx_word' id='word_1_142' title='bbox 688 1342 817 1406; x_wconf 85' lang='lat' dir='ltr'><strong>tabulae,</strong></span> <span class='ocrx_word' id='word_1_143' title='bbox 847 1360 933 1398; x_wconf 84' lang='lat' dir='ltr'><strong>secun</strong></span> <span class='ocrx_word' id='word_1_144' title='bbox 953 1360 986 1397; x_wconf 89' lang='lat' dir='ltr'><strong>ae</strong></span> 
     </span>
     <span class='ocr_line' id='line_1_17' title="bbox 103 1410 987 1482; baseline 0.005 -19"><span class='ocrx_word' id='word_1_145' title='bbox 103 1418 148 1463; x_wconf 73' lang='lat' dir='ltr'><strong>tuo</strong></span> <span class='ocrx_word' id='word_1_146' title='bbox 161 1418 263 1482; x_wconf 87' lang='lat' dir='ltr'><strong>septem</strong></span> <span class='ocrx_word' id='word_1_147' title='bbox 280 1418 430 1482; x_wconf 85' lang='lat' dir='ltr'><strong>praecepta</strong></span> <span class='ocrx_word' id='word_1_148' title='bbox 447 1412 568 1480; x_wconf 83' lang='lat' dir='ltr'><strong>faciunt,</strong></span> <span class='ocrx_word' id='word_1_149' title='bbox 593 1416 773 1481; x_wconf 90' lang='lat' dir='ltr'><strong>praeceptum</strong></span> <span class='ocrx_word' id='word_1_150' title='bbox 796 1410 832 1466; x_wconf 92' lang='lat' dir='ltr'><strong>de</strong></span> <span class='ocrx_word' id='word_1_151' title='bbox 849 1426 905 1466; x_wconf 91' lang='lat' dir='ltr'><strong>non</strong></span> <span class='ocrx_word' id='word_1_152' title='bbox 922 1429 987 1467; x_wconf 87' lang='lat' dir='ltr'><strong>con·</strong></span> 
     </span>
     <span class='ocr_line' id='line_1_18' title="bbox 103 1478 985 1551; baseline 0 -16"><span class='ocrx_word' id='word_1_153' title='bbox 103 1478 244 1547; x_wconf 70' lang='lat' dir='ltr'><strong>comenda</strong></span> <span class='ocrx_word' id='word_1_154' title='bbox 281 1482 363 1537; x_wconf 91' lang='lat' dir='ltr'><strong>domo</strong></span> <span class='ocrx_word' id='word_1_155' title='bbox 399 1481 533 1537; x_wconf 81' lang='lat' dir='ltr'><strong>habentes</strong></span> <span class='ocrx_word' id='word_1_156' title='bbox 560 1498 611 1551; x_wconf 93' lang='lat' dir='ltr'><strong>pro</strong></span> <span class='ocrx_word' id='word_1_157' title='bbox 643 1496 728 1538; x_wconf 89' lang='lat' dir='ltr'><strong>nono:</strong></span> <span class='ocrx_word' id='word_1_158' title='bbox 772 1479 806 1534; x_wconf 88' lang='lat' dir='ltr'><strong>de</strong></span> <span class='ocrx_word' id='word_1_159' title='bbox 835 1498 892 1536; x_wconf 91' lang='lat' dir='ltr'><strong>non</strong></span> <span class='ocrx_word' id='word_1_160' title='bbox 922 1498 985 1535; x_wconf 89' lang='lat' dir='ltr'><strong>con·</strong></span> 
     </span>
     <span class='ocr_line' id='line_1_19' title="bbox 102 1546 985 1624; baseline 0 -21"><span class='ocrx_word' id='word_1_161' title='bbox 102 1546 244 1624; x_wconf 65' lang='lat' dir='ltr'><strong>amoenas</strong></span> <span class='ocrx_word' id='word_1_162' title='bbox 261 1566 329 1605; x_wconf 86' lang='lat' dir='ltr'><strong>vcro</strong></span> <span class='ocrx_word' id='word_1_163' title='bbox 351 1567 436 1605; x_wconf 85' lang='lat' dir='ltr'><strong>uxore</strong></span> <span class='ocrx_word' id='word_1_164' title='bbox 460 1549 595 1603; x_wconf 87' lang='lat' dir='ltr'><strong>habentes</strong></span> <span class='ocrx_word' id='word_1_165' title='bbox 620 1566 670 1618; x_wconf 95' lang='lat' dir='ltr'><strong>pro</strong></span> <span class='ocrx_word' id='word_1_166' title='bbox 696 1548 821 1616; x_wconf 85' lang='lat' dir='ltr'><strong>decimo;</strong></span> <span class='ocrx_word' id='word_1_167' title='bbox 854 1566 925 1620; x_wconf 88' lang='lat' dir='ltr'><strong>quae</strong></span> <span class='ocrx_word' id='word_1_168' title='bbox 945 1548 985 1603; x_wconf 91' lang='lat' dir='ltr'><strong>di·</strong></span> 
     </span>
     <span class='ocr_line' id='line_1_20' title="bbox 103 1616 985 1687; baseline 0.002 -18"><span class='ocrx_word' id='word_1_169' title='bbox 103 1616 185 1673; x_wconf 78' lang='lat' dir='ltr'><strong>metio</strong></span> <span class='ocrx_word' id='word_1_170' title='bbox 200 1618 341 1671; x_wconf 92' lang='lat' dir='ltr'><strong>communi</strong></span> <span class='ocrx_word' id='word_1_171' title='bbox 361 1618 447 1672; x_wconf 83' lang='lat' dir='ltr'><strong>suffra</strong></span> <span class='ocrx_word' id='word_1_172' title='bbox 468 1618 495 1674; x_wconf 91' lang='lat' dir='ltr'><strong>io</strong></span> <span class='ocrx_word' id='word_1_173' title='bbox 512 1617 644 1673; x_wconf 89' lang='lat' dir='ltr'><strong>ecclesiae</strong></span> <span class='ocrx_word' id='word_1_174' title='bbox 661 1616 826 1687; x_wconf 86' lang='lat' dir='ltr'><strong>approbata,</strong></span> <span class='ocrx_word' id='word_1_175' title='bbox 841 1635 858 1671; x_wconf 91' lang='lat' dir='ltr'><strong>a</strong></span> <span class='ocrx_word' id='word_1_176' title='bbox 873 1620 911 1674; x_wconf 90' lang='lat' dir='ltr'><strong>D.</strong></span> <span class='ocrx_word' id='word_1_177' title='bbox 928 1622 985 1672; x_wconf 83' lang='lat' dir='ltr'><strong>Lc-</strong></span> 
     </span>
     <span class='ocr_line' id='line_1_21' title="bbox 102 1637 986 1809; baseline 0.007 -74"><span class='ocrx_word' id='word_1_178' title='bbox 102 1680 158 1738; x_wconf 72' lang='lat' dir='ltr'><strong>aas</strong></span> <span class='ocrx_word' id='word_1_179' title='bbox 180 1687 328 1741; x_wconf 85' lang='lat' dir='ltr'><strong>observata</strong></span> <span class='ocrx_word' id='word_1_180' title='bbox 355 1694 383 1741; x_wconf 90' lang='lat' dir='ltr'><strong>et</strong></span> <span class='ocrx_word' id='word_1_181' title='bbox 408 1637 512 1742; x_wconf 44' lang='lat' dir='ltr'><strong>trahite</strong></span> <span class='ocrx_word' id='word_1_182' title='bbox 535 1686 595 1741; x_wconf 89' lang='lat' dir='ltr'><strong>fuit.</strong></span> <span class='ocrx_word' id='word_1_183' title='bbox 647 1686 769 1757; x_wconf 87' lang='lat' dir='ltr'><strong>Ideoque</strong></span> <span class='ocrx_word' id='word_1_184' title='bbox 798 1703 853 1740; x_wconf 92' lang='lat' dir='ltr'><strong>non</strong></span> <span class='ocrx_word' id='word_1_185' title='bbox 879 1687 986 1809; x_wconf 58' lang='lat' dir='ltr'><strong>abspluc</strong></span> 
     </span>
     <span class='ocr_line' id='line_1_22' title="bbox 103 1754 984 1811; baseline 0.002 -3"><span class='ocrx_word' id='word_1_186' title='bbox 103 1762 163 1807; x_wconf 60' lang='lat' dir='ltr'><strong>Auca</strong></span> <span class='ocrx_word' id='word_1_187' title='bbox 177 1772 194 1809; x_wconf 91' lang='lat' dir='ltr'><strong>a</strong></span> <span class='ocrx_word' id='word_1_188' title='bbox 210 1755 325 1809; x_wconf 86' lang='lat' dir='ltr'><strong>sinceris</strong></span> <span class='ocrx_word' id='word_1_189' title='bbox 343 1757 554 1811; x_wconf 83' lang='lat' dir='ltr'><strong>reformatamm</strong></span> <span class='ocrx_word' id='word_1_190' title='bbox 566 1755 745 1809; x_wconf 88' lang='lat' dir='ltr'><strong>ecclesiarum</strong></span> <span class='ocrx_word' id='word_1_191' title='bbox 759 1754 918 1809; x_wconf 88' lang='lat' dir='ltr'><strong>doctoribus</strong></span> <span class='ocrx_word' id='word_1_192' title='bbox 956 1773 984 1810; x_wconf 94' lang='lat' dir='ltr'><strong>o·</strong></span> 
     </span>
    </p>
   </div>
   <div class='ocr_carea' id='block_1_5' title="bbox 103 1814 984 1947">
    <p class='ocr_par' dir='ltr' id='par_1_5' title="bbox 103 1814 984 1947">
     <span class='ocr_line' id='line_1_23' title="bbox 103 1814 984 1947; baseline 0.007 -74"><span class='ocrx_word' id='word_1_193' title='bbox 103 1814 133 1873; x_wconf 82' lang='lat' dir='ltr'><strong>lie</strong></span> <span class='ocrx_word' id='word_1_194' title='bbox 146 1824 281 1881; x_wconf 85' lang='lat' dir='ltr'><strong>retinetur.</strong></span> <span class='ocrx_word' id='word_1_195' title='bbox 317 1825 432 1879; x_wconf 90' lang='lat' dir='ltr'><strong>Habent</strong></span> <span class='ocrx_word' id='word_1_196' title='bbox 450 1841 569 1947; x_wconf 61' lang='lat' dir='ltr'><strong>namssue</strong></span> <span class='ocrx_word' id='word_1_197' title='bbox 586 1824 703 1878; x_wconf 90' lang='lat' dir='ltr'><strong>eandem</strong></span> <span class='ocrx_word' id='word_1_198' title='bbox 715 1826 826 1892; x_wconf 76' lang='lat' dir='ltr'><strong>Arrpaat</strong></span> <span class='ocrx_word' id='word_1_199' title='bbox 843 1824 860 1877; x_wconf 91' lang='lat'><strong>1.</strong></span> <span class='ocrx_word' id='word_1_200' title='bbox 879 1829 903 1878; x_wconf 82' lang='lat'><strong>2.</strong></span> <span class='ocrx_word' id='word_1_201' title='bbox 923 1842 984 1893; x_wconf 87' lang='lat' dir='ltr'><strong>sup.</strong></span> 
     </span>
    </p>
   </div>
   <div class='ocr_carea' id='block_1_6' title="bbox 102 1881 987 2577">
    <p class='ocr_par' dir='ltr' id='par_1_6' title="bbox 102 1881 987 2577">
     <span class='ocr_line' id='line_1_24' title="bbox 102 1881 987 1963; baseline 0.003 -20"><span class='ocrx_word' id='word_1_202' title='bbox 102 1881 165 1943; x_wconf 79' lang='lat' dir='ltr'><strong>hod</strong></span> <span class='ocrx_word' id='word_1_203' title='bbox 179 1909 206 1963; x_wconf 90' lang='lat' dir='ltr'><strong>p.</strong></span> <span class='ocrx_word' id='word_1_204' title='bbox 221 1898 262 1948; x_wconf 80' lang='lat'><strong>71.</strong></span> <span class='ocrx_word' id='word_1_205' title='bbox 282 1899 301 1947; x_wconf 87' lang='lat' dir='ltr'><strong>t.</strong></span> <span class='ocrx_word' id='word_1_206' title='bbox 314 1900 338 1948; x_wconf 87' lang='grc'><strong>4.</strong></span> <span class='ocrx_word' id='word_1_207' title='bbox 357 1894 410 1950; x_wconf 88' lang='lat' dir='ltr'><strong>col.</strong></span> <span class='ocrx_word' id='word_1_208' title='bbox 432 1900 487 1950; x_wconf 82' lang='grc'><strong>147.</strong></span> <span class='ocrx_word' id='word_1_209' title='bbox 566 1899 623 1948; x_wconf 80' lang='lat'><strong>148.</strong></span> <span class='ocrx_word' id='word_1_210' title='bbox 634 1893 669 1945; x_wconf 91' lang='lat' dir='ltr'><strong>A.</strong></span> <span class='ocrx_word' id='word_1_211' title='bbox 688 1892 721 1945; x_wconf 91' lang='lat' dir='ltr'><strong>B.</strong></span> <span class='ocrx_word' id='word_1_212' title='bbox 739 1908 796 1961; x_wconf 83' lang='lat' dir='ltr'><strong>seq.</strong></span> <span class='ocrx_word' id='word_1_213' title='bbox 816 1891 865 1946; x_wconf 92' lang='lat' dir='ltr'><strong>ubi</strong></span> <span class='ocrx_word' id='word_1_214' title='bbox 884 1893 987 1946; x_wconf 86' lang='lat' dir='ltr'><strong>diserte</strong></span> 
     </span>
     <span class='ocr_line' id='line_1_25' title="bbox 102 1950 984 2033; baseline 0.002 -20"><span class='ocrx_word' id='word_1_215' title='bbox 102 1950 180 2013; x_wconf 72' lang='lat' dir='ltr'><strong>haur</strong></span> <span class='ocrx_word' id='word_1_216' title='bbox 208 1960 262 2015; x_wconf 86' lang='lat' dir='ltr'><strong>sibi</strong></span> <span class='ocrx_word' id='word_1_217' title='bbox 281 1961 398 2016; x_wconf 88' lang='lat' dir='ltr'><strong>eandem</strong></span> <span class='ocrx_word' id='word_1_218' title='bbox 414 1961 652 2033; x_wconf 80' lang='lat' dir='ltr'><strong>congruentiorem</strong></span> <span class='ocrx_word' id='word_1_219' title='bbox 671 1961 766 2015; x_wconf 87' lang='lat' dir='ltr'><strong>videri.</strong></span> <span class='ocrx_word' id='word_1_220' title='bbox 803 1961 886 2013; x_wconf 83' lang='lat' dir='ltr'><strong>Idem</strong></span> <span class='ocrx_word' id='word_1_221' title='bbox 904 1978 984 2015; x_wconf 86' lang='lat' dir='ltr'><strong>serm.</strong></span> 
     </span>
     <span class='ocr_line' id='line_1_26' title="bbox 103 2026 986 2103; baseline 0.003 -21"><span class='ocrx_word' id='word_1_222' title='bbox 103 2026 131 2103; x_wconf 61' lang='lat' dir='ltr'><strong>ii.</strong></span> <span class='ocrx_word' id='word_1_223' title='bbox 145 2028 174 2083; x_wconf 89' lang='lat' dir='ltr'><strong>de</strong></span> <span class='ocrx_word' id='word_1_224' title='bbox 189 2036 274 2100; x_wconf 87' lang='lat' dir='ltr'><strong>temp.</strong></span> <span class='ocrx_word' id='word_1_225' title='bbox 294 2038 314 2083; x_wconf 92' lang='lat' dir='ltr'><strong>t.</strong></span> <span class='ocrx_word' id='word_1_226' title='bbox 336 2037 375 2085; x_wconf 86' lang='lat'><strong>10.</strong></span> <span class='ocrx_word' id='word_1_227' title='bbox 395 2031 446 2085; x_wconf 91' lang='lat' dir='ltr'><strong>col.</strong></span> <span class='ocrx_word' id='word_1_228' title='bbox 466 2036 523 2086; x_wconf 71' lang='lat' dir='ltr'><strong>tabl.</strong></span> <span class='ocrx_word' id='word_1_229' title='bbox 542 2029 577 2084; x_wconf 92' lang='lat' dir='ltr'><strong>D.</strong></span> <span class='ocrx_word' id='word_1_230' title='bbox 597 2037 625 2084; x_wconf 91' lang='lat' dir='ltr'><strong>et</strong></span> <span class='ocrx_word' id='word_1_231' title='bbox 644 2036 701 2085; x_wconf 81' lang='lat'><strong>802.</strong></span> <span class='ocrx_word' id='word_1_232' title='bbox 716 2030 751 2081; x_wconf 90' lang='lat' dir='ltr'><strong>A.</strong></span> <span class='ocrx_word' id='word_1_233' title='bbox 763 2028 797 2081; x_wconf 88' lang='grc' dir='ltr'><strong>Β.</strong></span> <span class='ocrx_word' id='word_1_234' title='bbox 826 2028 884 2085; x_wconf 94' lang='lat' dir='ltr'><strong>Ubi</strong></span> <span class='ocrx_word' id='word_1_235' title='bbox 900 2030 986 2099; x_wconf 86' lang='lat' dir='ltr'><strong>plane</strong></span> 
     </span>
     <span class='ocr_line' id='line_1_27' title="bbox 102 2097 985 2169; baseline 0.006 -23"><span class='ocrx_word' id='word_1_236' title='bbox 102 2100 154 2149; x_wconf 77' lang='lat' dir='ltr'><strong>reat</strong></span> <span class='ocrx_word' id='word_1_237' title='bbox 171 2115 219 2152; x_wconf 89' lang='lat' dir='ltr'><strong>nos</strong></span> <span class='ocrx_word' id='word_1_238' title='bbox 239 2099 340 2153; x_wconf 90' lang='lat' dir='ltr'><strong>recitat</strong></span> <span class='ocrx_word' id='word_1_239' title='bbox 358 2116 457 2169; x_wconf 89' lang='lat' dir='ltr'><strong>praece</strong></span> <span class='ocrx_word' id='word_1_240' title='bbox 479 2106 508 2153; x_wconf 86' lang='lat' dir='ltr'><strong>ta</strong></span> <span class='ocrx_word' id='word_1_241' title='bbox 550 2098 629 2152; x_wconf 90' lang='lat' dir='ltr'><strong>rioris</strong></span> <span class='ocrx_word' id='word_1_242' title='bbox 654 2097 780 2152; x_wconf 87' lang='lat' dir='ltr'><strong>tabulae:</strong></span> <span class='ocrx_word' id='word_1_243' title='bbox 799 2106 985 2167; x_wconf 81' lang='lat' dir='ltr'><strong>praecaptum</strong></span> 
     </span>
     <span class='ocr_line' id='line_1_28' title="bbox 104 2162 985 2241; baseline 0.005 -24"><span class='ocrx_word' id='word_1_244' title='bbox 104 2162 123 2241; x_wconf 79' lang='lat'><strong>¹¹.</strong></span> <span class='ocrx_word' id='word_1_245' title='bbox 132 2172 178 2219; x_wconf 77' lang='lat' dir='ltr'><strong>ot.-</strong></span> <span class='ocrx_word' id='word_1_246' title='bbox 196 2185 254 2221; x_wconf 78' lang='lat' dir='ltr'><strong>aaa</strong></span> <span class='ocrx_word' id='word_1_247' title='bbox 274 2177 357 2221; x_wconf 80' lang='lat' dir='ltr'><strong>cruat</strong></span> <span class='ocrx_word' id='word_1_248' title='bbox 374 2169 426 2220; x_wconf 79' lang='lat' dir='ltr'><strong>tibi</strong></span> <span class='ocrx_word' id='word_1_249' title='bbox 463 2169 486 2221; x_wconf 85' lang='lat' dir='ltr'><strong>a&#39;a&#39;</strong></span> <span class='ocrx_word' id='word_1_250' title='bbox 503 2187 519 2219; x_wconf 88' lang='grc' dir='ltr'><em>α</em></span> <span class='ocrx_word' id='word_1_251' title='bbox 534 2169 593 2221; x_wconf 79' lang='lat' dir='ltr'><strong>reni</strong></span> <span class='ocrx_word' id='word_1_252' title='bbox 606 2174 784 2235; x_wconf 74' lang='lat' dir='ltr'><strong>praeterere.</strong></span> <span class='ocrx_word' id='word_1_253' title='bbox 819 2168 921 2223; x_wconf 80' lang='lat' dir='ltr'><strong>2.Nora</strong></span> <span class='ocrx_word' id='word_1_254' title='bbox 939 2186 985 2221; x_wconf 85' lang='lat' dir='ltr'><strong>ac·</strong></span> 
     </span>
     <span class='ocr_line' id='line_1_29' title="bbox 103 2233 986 2297; baseline 0.002 -10"><span class='ocrx_word' id='word_1_255' title='bbox 103 2233 167 2297; x_wconf 63' lang='lat' dir='ltr'><strong>Opica</strong></span> <span class='ocrx_word' id='word_1_256' title='bbox 185 2253 285 2289; x_wconf 81' lang='lat' dir='ltr'><strong>nomen</strong></span> <span class='ocrx_word' id='word_1_257' title='bbox 308 2239 366 2291; x_wconf 82' lang='lat' dir='ltr'><strong>Del</strong></span> <span class='ocrx_word' id='word_1_258' title='bbox 386 2238 430 2289; x_wconf 79' lang='lat' dir='ltr'><strong>tui</strong></span> <span class='ocrx_word' id='word_1_259' title='bbox 451 2237 481 2289; x_wconf 61' lang='grc' dir='ltr'><strong>ἔτι</strong></span> <span class='ocrx_word' id='word_1_260' title='bbox 506 2254 616 2290; x_wconf 81' lang='lat' dir='ltr'><strong>vanum.</strong></span> <span class='ocrx_word' id='word_1_261' title='bbox 652 2243 675 2290; x_wconf 87' lang='grc'><strong>3.</strong></span> <span class='ocrx_word' id='word_1_262' title='bbox 696 2237 838 2291; x_wconf 68' lang='lat' dir='ltr'><strong>Manem</strong></span> <span class='ocrx_word' id='word_1_263' title='bbox 860 2244 891 2289; x_wconf 84' lang='lat' dir='ltr'><strong>ut</strong></span> <span class='ocrx_word' id='word_1_264' title='bbox 911 2237 986 2289; x_wconf 78' lang='lat' dir='ltr'><strong>diam</strong></span> 
     </span>
     <span class='ocr_line' id='line_1_30' title="bbox 102 2298 987 2375; baseline 0.009 -24"><span class='ocrx_word' id='word_1_265' title='bbox 102 2298 203 2357; x_wconf 70' lang='lat' dir='ltr'><strong>meula·</strong></span> <span class='ocrx_word' id='word_1_266' title='bbox 223 2305 388 2375; x_wconf 76' lang='lat' dir='ltr'><strong>sanctificer.</strong></span> <span class='ocrx_word' id='word_1_267' title='bbox 431 2311 455 2361; x_wconf 85' lang='grc'><strong>4.</strong></span> <span class='ocrx_word' id='word_1_268' title='bbox 478 2306 600 2359; x_wconf 81' lang='lat' dir='ltr'><strong>Honora</strong></span> <span class='ocrx_word' id='word_1_269' title='bbox 618 2312 733 2374; x_wconf 69' lang='lat' dir='ltr'><strong>petrem</strong></span> <span class='ocrx_word' id='word_1_270' title='bbox 752 2311 802 2363; x_wconf 80' lang='lat' dir='ltr'><strong>etc.</strong></span> <span class='ocrx_word' id='word_1_271' title='bbox 843 2303 926 2359; x_wconf 82' lang='lat' dir='ltr'><strong>Adde</strong></span> <span class='ocrx_word' id='word_1_272' title='bbox 950 2305 987 2359; x_wconf 94' lang='lat' dir='ltr'><strong>de</strong></span> 
     </span>
     <span class='ocr_line' id='line_1_31' title="bbox 104 2362 985 2444; baseline 0.006 -20"><span class='ocrx_word' id='word_1_273' title='bbox 104 2362 173 2424; x_wconf 67' lang='lat' dir='ltr'><strong>decem</strong></span> <span class='ocrx_word' id='word_1_274' title='bbox 200 2371 295 2427; x_wconf 90' lang='lat' dir='ltr'><strong>chord.</strong></span> <span class='ocrx_word' id='word_1_275' title='bbox 323 2391 345 2428; x_wconf 89' lang='lat' dir='ltr'><strong>c.</strong></span> <span class='ocrx_word' id='word_1_276' title='bbox 365 2380 388 2429; x_wconf 83' lang='lat'><strong>6.</strong></span> <span class='ocrx_word' id='word_1_277' title='bbox 418 2379 438 2428; x_wconf 87' lang='lat' dir='ltr'><strong>t.</strong></span> <span class='ocrx_word' id='word_1_278' title='bbox 456 2380 480 2430; x_wconf 89' lang='grc'><strong>9.</strong></span> <span class='ocrx_word' id='word_1_279' title='bbox 505 2373 556 2428; x_wconf 84' lang='lat' dir='ltr'><strong>col.</strong></span> <span class='ocrx_word' id='word_1_280' title='bbox 579 2379 629 2429; x_wconf 78' lang='lat'><strong>923</strong></span> <span class='ocrx_word' id='word_1_281' title='bbox 654 2373 688 2427; x_wconf 89' lang='lat' dir='ltr'><strong>A.</strong></span> <span class='ocrx_word' id='word_1_282' title='bbox 733 2373 896 2429; x_wconf 75' lang='lat' dir='ltr'><strong>Bernhard.</strong></span> <span class='ocrx_word' id='word_1_283' title='bbox 922 2390 985 2444; x_wconf 89' lang='lat' dir='ltr'><strong>sup.</strong></span> 
     </span>
     <span class='ocr_line' id='line_1_32' title="bbox 103 2434 985 2577; baseline -0.001 -81"><span class='ocrx_word' id='word_1_284' title='bbox 103 2434 342 2577; x_wconf 52' lang='lat' dir='ltr'><strong>issingeg&#39;)⁸erm&#39;</strong></span> <span class='ocrx_word' id='word_1_285' title='bbox 360 2448 384 2499; x_wconf 80' lang='lat' dir='ltr'><strong>l.</strong></span> <span class='ocrx_word' id='word_1_286' title='bbox 409 2441 461 2496; x_wconf 93' lang='lat' dir='ltr'><strong>col.</strong></span> <span class='ocrx_word' id='word_1_287' title='bbox 483 2448 557 2498; x_wconf 80' lang='grc'><strong>1744.</strong></span> <span class='ocrx_word' id='word_1_288' title='bbox 576 2441 613 2496; x_wconf 90' lang='lat' dir='ltr'><strong>H.</strong></span> <span class='ocrx_word' id='word_1_289' title='bbox 655 2444 762 2509; x_wconf 75' lang='lat' dir='ltr'><strong>Lyram</strong></span> <span class='ocrx_word' id='word_1_290' title='bbox 784 2441 813 2494; x_wconf 90' lang='lat' dir='ltr'><strong>in</strong></span> <span class='ocrx_word' id='word_1_291' title='bbox 835 2441 924 2497; x_wconf 82' lang='lat' dir='ltr'><strong>Exod.</strong></span> <span class='ocrx_word' id='word_1_292' title='bbox 944 2448 985 2497; x_wconf 82' lang='lat'><strong>22.</strong></span> 
     </span>
     <span class='ocr_line' id='line_1_33' title="bbox 118 2516 244 2564; baseline 0.048 -6"><span class='ocrx_word' id='word_1_293' title='bbox 118 2545 123 2558; x_wconf 90' lang='lat'><strong>.</strong></span> <span class='ocrx_word' id='word_1_294' title='bbox 192 2516 244 2564; x_wconf 86' lang='lat' dir='ltr'><strong>etc.</strong></span> 
     </span>
    </p>
   </div>
   <div class='ocr_carea' id='block_1_7' title="bbox 104 2638 988 2732">
    <p class='ocr_par' dir='ltr' id='par_1_7' title="bbox 104 2638 988 2732">
     <span class='ocr_line' id='line_1_34' title="bbox 104 2638 988 2732; baseline 0 -25"><span class='ocrx_word' id='word_1_295' title='bbox 104 2638 139 2710; x_wconf 74' lang='lat'><strong>29.</strong></span> <span class='ocrx_word' id='word_1_296' title='bbox 167 2650 244 2729; x_wconf 74' lang='lat' dir='ltr'><strong>Quid</strong></span> <span class='ocrx_word' id='word_1_297' title='bbox 268 2671 337 2732; x_wconf 72' lang='lat' dir='ltr'><strong>erpo</strong></span> <span class='ocrx_word' id='word_1_298' title='bbox 360 2653 469 2713; x_wconf 72' lang='lat' dir='ltr'><strong>crebris</strong></span> <span class='ocrx_word' id='word_1_299' title='bbox 491 2652 527 2712; x_wconf 85' lang='lat' dir='ltr'><strong>de</strong></span> <span class='ocrx_word' id='word_1_300' title='bbox 536 2658 704 2731; x_wconf 78' lang='lat' dir='ltr'><strong>praecepto</strong></span> <span class='ocrx_word' id='word_1_301' title='bbox 723 2649 759 2710; x_wconf 82' lang='lat' dir='ltr'><strong>de</strong></span> <span class='ocrx_word' id='word_1_302' title='bbox 774 2646 988 2730; x_wconf 66' lang='lat' dir='ltr'><strong>sculptilibus?</strong></span> 
     </span>
    </p>
   </div>
   <div class='ocr_carea' id='block_1_8' title="bbox 106 2761 988 2938">
    <p class='ocr_par' dir='ltr' id='par_1_8' title="bbox 106 2761 988 2938">
     <span class='ocr_line' id='line_1_35' title="bbox 120 2761 988 2857; baseline -0.008 -26"><span class='ocrx_word' id='word_1_303' title='bbox 120 2842 128 2857; x_wconf 38' lang='grc' dir='ltr'>ι</span> <span class='ocrx_word' id='word_1_304' title='bbox 166 2766 423 2853; x_wconf 79' lang='lat' dir='ltr'><strong>Appendixsive</strong></span> <span class='ocrx_word' id='word_1_305' title='bbox 444 2763 613 2851; x_wconf 88' lang='lat' dir='ltr'><strong>explicatio</strong></span> <span class='ocrx_word' id='word_1_306' title='bbox 635 2774 683 2827; x_wconf 89' lang='lat' dir='ltr'><strong>est</strong></span> <span class='ocrx_word' id='word_1_307' title='bbox 705 2762 799 2847; x_wconf 90' lang='lat' dir='ltr'><strong>primi</strong></span> <span class='ocrx_word' id='word_1_308' title='bbox 813 2761 988 2849; x_wconf 83' lang='lat' dir='ltr'><strong>praecepti,</strong></span> 
     </span>
     <span class='ocr_line' id='line_1_36' title="bbox 106 2847 741 2938; baseline -0.002 -27"><span class='ocrx_word' id='word_1_309' title='bbox 106 2862 211 2934; x_wconf 68' lang='lat' dir='ltr'><strong>unaque</strong></span> <span class='ocrx_word' id='word_1_310' title='bbox 231 2851 369 2938; x_wconf 87' lang='lat' dir='ltr'><strong>speciale</strong></span> <span class='ocrx_word' id='word_1_311' title='bbox 392 2850 574 2936; x_wconf 86' lang='lat' dir='ltr'><strong>exemplum</strong></span> <span class='ocrx_word' id='word_1_312' title='bbox 592 2847 741 2912; x_wconf 87' lang='lat' dir='ltr'><strong>continet.</strong></span> 
     </span>
    </p>
   </div>
   <div class='ocr_carea' id='block_1_9' title="bbox 107 2980 989 3343">
    <p class='ocr_par' dir='ltr' id='par_1_9' title="bbox 107 2980 989 3343">
     <span class='ocr_line' id='line_1_37' title="bbox 261 2980 802 3068; baseline -0.013 -16"><span class='ocrx_word' id='word_1_313' title='bbox 261 2987 312 3052; x_wconf 86' lang='lat'><strong>30.</strong></span> <span class='ocrx_word' id='word_1_314' title='bbox 355 2987 442 3050; x_wconf 78' lang='lat' dir='ltr'><strong>Illud</strong></span> <span class='ocrx_word' id='word_1_315' title='bbox 460 2987 549 3049; x_wconf 83' lang='lat' dir='ltr'><strong>aelim</strong></span> <span class='ocrx_word' id='word_1_316' title='bbox 569 2986 645 3048; x_wconf 78' lang='lat' dir='ltr'><strong>milri</strong></span> <span class='ocrx_word' id='word_1_317' title='bbox 662 2980 802 3068; x_wconf 77' lang='lat' dir='ltr'><strong>probes?</strong></span> 
     </span>
     <span class='ocr_line' id='line_1_38' title="bbox 107 3081 988 3175; baseline -0.007 -24"><span class='ocrx_word' id='word_1_318' title='bbox 107 3156 115 3175; x_wconf 87' lang='lat'><strong>.</strong></span> <span class='ocrx_word' id='word_1_319' title='bbox 168 3084 220 3151; x_wconf 88' lang='lat' dir='ltr'><strong>Dii</strong></span> <span class='ocrx_word' id='word_1_320' title='bbox 240 3086 354 3163; x_wconf 78' lang='lat' dir='ltr'><strong>aliani,</strong></span> <span class='ocrx_word' id='word_1_321' title='bbox 382 3086 448 3150; x_wconf 89' lang='lat' dir='ltr'><strong>sive</strong></span> <span class='ocrx_word' id='word_1_322' title='bbox 469 3086 598 3173; x_wconf 88' lang='lat' dir='ltr'><strong>proprie</strong></span> <span class='ocrx_word' id='word_1_323' title='bbox 618 3084 684 3148; x_wconf 91' lang='lat' dir='ltr'><strong>sive</strong></span> <span class='ocrx_word' id='word_1_324' title='bbox 706 3082 878 3168; x_wconf 88' lang='lat' dir='ltr'><strong>improprie</strong></span> <span class='ocrx_word' id='word_1_325' title='bbox 899 3081 988 3159; x_wconf 87' lang='lat' dir='ltr'><strong>dicti,</strong></span> 
     </span>
     <span class='ocr_line' id='line_1_39' title="bbox 107 3165 989 3261; baseline -0.007 -25"><span class='ocrx_word' id='word_1_326' title='bbox 107 3170 228 3261; x_wconf 71' lang='lat' dir='ltr'><strong>ppfimo</strong></span> <span class='ocrx_word' id='word_1_327' title='bbox 244 3181 415 3258; x_wconf 89' lang='lat' dir='ltr'><strong>praecepto</strong></span> <span class='ocrx_word' id='word_1_328' title='bbox 428 3171 461 3234; x_wconf 91' lang='lat' dir='ltr'><strong>in</strong></span> <span class='ocrx_word' id='word_1_329' title='bbox 476 3192 593 3256; x_wconf 82' lang='lat' dir='ltr'><strong>genere</strong></span> <span class='ocrx_word' id='word_1_330' title='bbox 607 3167 824 3254; x_wconf 90' lang='lat' dir='ltr'><strong>prohibentur.</strong></span> <span class='ocrx_word' id='word_1_331' title='bbox 848 3165 989 3253; x_wconf 88' lang='lat' dir='ltr'><strong>Sculpti-</strong></span> 
     </span>
     <span class='ocr_line' id='line_1_40' title="bbox 107 3242 989 3343; baseline 0.001 -28"><span class='ocrx_word' id='word_1_332' title='bbox 107 3242 183 3317; x_wconf 82' lang='lat' dir='ltr'><strong>lua</strong></span> <span class='ocrx_word' id='word_1_333' title='bbox 212 3256 367 3343; x_wconf 83' lang='lat' dir='ltr'><strong>imagines</strong></span> <span class='ocrx_word' id='word_1_334' title='bbox 397 3255 438 3319; x_wconf 87' lang='lat' dir='ltr'><strong>ad</strong></span> <span class='ocrx_word' id='word_1_335' title='bbox 467 3257 586 3320; x_wconf 92' lang='lat' dir='ltr'><strong>cultum</strong></span> <span class='ocrx_word' id='word_1_336' title='bbox 614 3255 716 3318; x_wconf 87' lang='lat' dir='ltr'><strong>factae</strong></span> <span class='ocrx_word' id='word_1_337' title='bbox 746 3264 777 3316; x_wconf 91' lang='lat' dir='ltr'><strong>et</strong></span> <span class='ocrx_word' id='word_1_338' title='bbox 805 3267 989 3339; x_wconf 85' lang='lat' dir='ltr'><strong>usurpatae,</strong></span> 
     </span>
    </p>
   </div>
   <div class='ocr_carea' id='block_1_10' title="bbox 0 0 1130 3772">
    <p class='ocr_par' dir='ltr' id='par_1_10' title="bbox 0 0 1130 3772">
     <span class='ocr_line' id='line_1_41' title="bbox 0 0 1130 3772; baseline 0 0"><span class='ocrx_word' id='word_1_339' title='bbox 0 0 1130 3772; x_wconf 95' lang='lat' dir='ltr'><strong> </strong></span> 
     </span>
    </p>
   </div>
  </div>
 </body>
</html>
