2250 3772
103 249 168 313 220
240 246 348 333 Caput
369 247 412 313 ll.
457 248 509 311 De
531 245 679 330 symbolo
702 246 883 330 apostolico.

103 416 980 553 {ttatitbtl⁸²¹l⁸ttttitttt²d·truttam

103 554 291 624 metaphorIee
310 560 403 606 tamen
420 551 552 605 tribuitur
569 552 653 606 etiam
671 551 714 611 iis.
734 568 808 621 quae
823 567 878 605 non
888 550 980 623 suntm-

104 622 179 676 noris
196 622 306 675 virtutis
325 627 353 675 et
370 620 525 690 potentiae,
551 637 635 690 quam
660 620 752 690 ipsum
774 638 846 691 opus
864 615 982 675 emelim

103 691 168 745 vide
187 694 236 744 Es.
256 695 298 757 41,
319 694 364 744 20.
401 696 425 745 3.
444 689 592 758 Differam
608 690 739 758 yiynere,
759 688 982 757 ereorasotwb

101 761 211 826 fucere.
254 760 385 827 (liquere,
405 763 447 811 est
466 758 501 811 de
519 775 570 811 sua
587 757 745 811 substantia
763 756 866 812 similes
883 754 930 809 sibi
941 762 984 820 pm·

106 829 207 881 ducere
232 827 386 881 seeundum
410 826 565 880 essentiam.
614 829 732 893 Curare,
759 834 802 880 est
819 826 885 894 (non
899 838 928 877 ex
940 816 984 899 tull·

104 896 208 950 stantia
226 914 285 963 sua,
304 897 353 950 sed
371 896 551 962 extrinsecus)
568 911 601 949 ex
619 894 705 949 nihilo
723 894 832 965 aliquid
843 893 936 959 ,fatua
948 886 986 940 dt·

104 965 192 1019 simile
203 982 315 1035 prorsus
327 981 344 1017 a
356 964 511 1018 substantia
521 965 648 1031 creantis,
663 966 799 1018 Damaso.
812 956 860 1017 lib.
874 968 895 1017 1.
907 950 986 1014 orthod

104 1034 150 1088 fid,
170 1051 192 1088 o.
209 1040 231 1089 8.
252 1054 279 1104 p.
292 1040 333 1089 25.
366 1033 437 1087 Inde
456 1032 557 1087 dicitur
575 1033 603 1086 in
623 1032 749 1102 symbolo
764 1031 870 1087 Nieeno
882 1022 987 1085 dulillo:

104 1103 243 1173 genitum,
261 1119 317 1155 non
334 1102 448 1155 factum.
485 1103 637 1167 Formam,
655 1109 697 1156 est
716 1101 773 1155 enti
790 1106 883 1155 creato
899 1098 988 1153 form

104 1189 154 1225 seu
171 1171 290 1241 figurram
301 1171 441 1223 inducere.
474 1171 581 1223 Facere
600 1187 665 1225 vero
682 1177 725 1225 est
742 1169 893 1238 absolvere,
910 1166 988 1221 ndo&

102 1246 163 1295 tum
180 1257 262 1293 usum
280 1242 396 1308 aptare.)
924 1246 929 1259 ¹

314 1342 343 1405 2.
380 1342 464 1419 Quid
485 1355 528 1405 est
549 1345 643 1426 ἐρίων
665 1341 806 1405 creatio?

192 1444 314 1505 (juratio
334 1456 383 1506 ost
404 1442 487 1507 aetio
510 1443 604 1505 unius
625 1458 656 1506 et
679 1443 778 1507 solius
794 1440 861 1504 Dei
880 1431 992 1525 propri&

104 1549 141 1589 ao
160 1527 257 1588 trium
282 1550 490 1610 personarum
512 1527 686 1591 divinitatis
709 1526 855 1609 indiuisa,
877 1518 993 1608 quaPt·

105 1624 154 1675 ter
182 1634 246 1675 una
282 1634 354 1674 eum
375 1613 461 1676 Filio
497 1625 666 1676 coaeterno
697 1625 729 1676 et
760 1610 885 1696 Spiritu
908 1612 992 1671 saud⁰

107 1719 217 1760 omnes
251 1718 300 1759 res
330 1697 430 1761 bonas
457 1698 523 1761 sive
544 1698 702 1781 visibiles,
736 1697 803 1760 sive
833 1688 993 1765 invisibiles,

105 1782 189 1845 intra
210 1804 266 1843 sex
288 1781 412 1845 dierum
433 1783 572 1867 spatium
599 1783 640 1845 ad
659 1780 935 1866 ommpotentim‚
957 1791 994 1833 ⁸⁸·
1030 1818 1034 1865 3

104 1866 274 1951 pientiam,
298 1867 457 1949 justitiam
487 1890 524 1930 ao
546 1868 722 1931 bonitatem
743 1889 836 1929 suam
857 1864 996 1928 declarat·
1031 1870 1034 1939 j

104 1953 178 2015 dam
200 1951 360 2015 liberrime
383 1975 423 2016 ex
445 1952 544 2015 nihilo
568 1952 718 2016 condidit.
1031 1948 1034 1959 '

175 2052 338 2119 (Definitum
358 2057 401 2104 est
418 2051 535 2117 eroati0,
563 2067 635 2122 quae
661 2049 728 2119 quid
754 2049 907 2170 sifinifioot‚
934 2036 996 2099 m0l⁰

105 2122 232 2174 diximus.
269 2120 447 2173 Definitionis
472 2137 560 2189 genus
588 2126 630 2172 est
654 2118 735 2172 aetio.
801 2116 937 2172 ifferentia
951 2120 995 2177 apt

104 2189 184 2243 cilios
202 2189 318 2241 sumitur
342 2197 362 2242 t.
380 2206 397 2241 a
416 2206 501 2242 eausa
524 2188 661 2241 efficiente
685 2195 864 2257 procreante,
890 2192 913 2242 2.
931 2184 997 2236 malt·

104 2258 154 2321 ria,
171 2264 195 2309 3.
207 2256 295 2309 forma
307 2263 335 2310 et
350 2258 447 2323 modo,
467 2264 491 2311 t.
504 2257 698 2310 distributione
712 2256 908 2325 subjectorum,
926 2254 999 2306 rerum

106 2325 212 2378 scilieet
223 2332 386 2391 creatarum,
404 2326 610 2395 earundemque
622 2325 757 2394 adjuncta
766 2325 909 2393 qualitate,
924 2329 938 2376 5
951 2315 1001 2370 fiue-

103 2393 236 2446 Efficiens
257 2399 277 2445 1.
295 2411 444 2462 proeroans
462 2400 506 2446 est
524 2412 596 2447 unus
614 2400 643 2448 et
660 2393 734 2447 solus
756 2393 841 2459 Deus,
859 2396 909 2446 Es.
927 2390 966 2467 453
984 2376 1002 2427 7¹

104 2464 192 2515 Hebr.
213 2466 237 2529 1,
259 2467 291 2513 lt}
311 2472 370 2527 utu,
391 2463 438 2532 qui
462 2468 504 2515 est
517 2464 594 2516 Deus
614 2463 710 2523 Pater,
736 2462 825 2514 Filius
846 2466 874 2515 et
899 2456 1005 2529 spino?

105 2539 226 2586 sanetus.
258 2531 315 2586 Ubi
333 2531 401 2584 haee
419 2532 543 2585 notanda
560 2531 711 2584 axiomata:
739 2538 760 2584 t.
779 2550 850 2599 opus
869 2524 1008 2583 aratiam

104 2619 161 2655 non
179 2608 219 2651 eat
237 2599 321 2651 tinius
341 2601 465 2668 oliorejus
477 2617 619 2668 personna
634 2599 793 2652 (livinitutis
811 2599 940 2664 seorsim,
966 2574 1014 2643 ³0⁴¹

105 2670 227 2723 omnium
254 2672 339 2719 rmum
368 2669 511 2722 indubium
537 2669 699 2736 proprium.
744 2668 844 2721 Omnia
873 2666 945 2721 enim
970 2658 1018 2726 944

104 2739 220 2792 verbum
247 2737 369 2799 (Filium)
396 2738 472 2791 faeta
498 2745 580 2803 sunt,
607 2739 674 2792 Jou.
697 2741 722 2801 1,
741 2739 768 2801 3,
795 2753 844 2804 por
862 2734 962 2787 Filium
1001 2714 1023 2765 44

105 2807 201 2861 secula
219 2806 293 2867 feeit,
312 2808 399 2863 Hebr.
414 2813 434 2861 1.
445 2811 472 2859 2.
500 2806 621 2875 Spiritus
634 2805 688 2859 Dei
707 2805 774 2858 feeit
791 2820 843 2870 me,
862 2805 926 2858 Job.
938 2800 992 2859 332
1006 2782 1025 2859 4.·

104 2876 200 2932 Verbo
220 2875 312 2937 (Filio)
331 2875 444 2928 Domini
463 2874 576 2939 (Petris)
595 2875 665 2928 eoeli
686 2872 788 2926 firmati
806 2879 888 2940 sunt,
916 2864 985 2927 ets
1020 2870 1029 2883 '

104 2946 161 2999 ritu
178 2945 233 2997 oris
255 2945 315 3012 ejus
336 2944 453 3012 (Spiritu
472 2947 578 3005 saneto)
597 2943 685 2996 omnis
704 2942 840 2996 exereitus
853 2958 954 3007 eorum,

106 3017 152 3081 33,
173 3017 198 3066 6.
239 3020 262 3067 2.
284 3012 399 3065 Ursatio
419 3013 553 3065 tribuitur
569 3013 669 3077 Patri,
696 3009 752 3063 κατ’
774 3012 886 3080 ἐξοχὴν,
912 3009 980 3079 quia
1016 2986 1035 3065 ¹:

106 3081 193 3135 Pater
203 3081 266 3136 fons
280 3087 309 3135 et
320 3081 487 3150 principium
499 3087 542 3133 est
554 3084 620 3146 (non
632 3080 794 3149 temporale,
812 3079 862 3134 sed
875 3058 1034 3148 originali

105 3150 192 3204 totins
212 3150 373 3205 divinitatis.
394 3167 481 3218 aquo
500 3150 613 3202 condita
632 3149 732 3215 omnia,
753 3154 777 3202 2.
792 3153 823 3201 ut
835 3153 924 3201 exstet
932 3132 1034 3200 exte*

106 3236 174 3272 num
193 3219 307 3288 aliquod
326 3218 473 3271 discrimen
494 3219 522 3270 in
542 3218 673 3284 ecelesia,
692 3234 747 3285 quo
768 3217 853 3270 Pater
870 3234 889 3270 a
907 3214 975 3269 Filio
1016 3198 1034 3239 4

106 3287 212 3357 Spiritu
231 3294 326 3341 saneto
345 3287 525 3340 discernatur.
565 3287 638 3341 Vide
657 3303 742 3355 supra
760 3287 795 3339 de
813 3286 936 3339 distinet
949 3268 1034 3353 pes*
