2250 3772
113 123 176 189 366
248 118 354 206 Caput
375 116 418 184 II.
461 116 515 182 De
536 118 684 202 symbolo
707 116 887 205 apostolico.

178 288 283 357 (Unum
306 286 421 367 quidam¹
441 291 485 340 est
502 285 580 341 verbi
598 285 653 341 Dei
665 285 867 367 ministerium,
882 302 929 369 guo
941 297 982 355 pso

114 364 178 413 csta
194 357 340 411 solvuntur
358 360 388 409 et
403 355 424 408 l1
444 360 540 423 antur,
567 359 597 409 et
613 354 729 424 proinde
747 372 806 410 una
821 355 904 411 clava
916 349 984 435 situl

111 427 292 508 aperiendum
308 430 337 479 et
353 372 539 505 claudendum
557 440 674 494 regnum
692 424 833 479 coelorum
864 440 910 495 pro
922 423 984 501 drid-

110 501 192 576 artato
210 500 304 549 tamen
323 491 494 573 omemmm
511 491 813 573 itemqueueffectorum
832 465 941 564 duplam
959 488 984 543 d·

110 562 524 711 ffilffliilthdldof
560 558 984 710 {timetis-“lt

111 708 140 756 et
158 700 266 780 coelum
281 703 392 834 timiam
408 699 526 753 vinculis
544 699 683 753 obstrictis
707 697 853 769 claudens,
876 698 941 754 undo
956 710 984 751 u·
1029 714 1031 725 ·

109 784 282 824 commumca
304 784 330 824 o.

194 887 243 952 14.
287 884 370 966 Quid
391 898 435 951 est
456 887 548 951 clavia
570 886 689 951 solvens
711 899 739 953 et
765 886 928 953 absolutio?

194 1006 256 1069 Est
286 1003 481 1069 remissionis
512 1017 715 1089 peccatorum
745 998 982 1071 annunciatiotb

111 1089 271 1156 ordinario
308 1088 461 1154 ecclesiae
492 1089 637 1154 ministro
670 1112 744 1155 vere
774 1088 982 1177 poenitentibus,

111 1173 231 1241 Christi
250 1174 379 1239 nomine
402 1173 496 1258 facta,
517 1174 595 1241 Luc.
616 1175 667 1260 24,
688 1175 746 1260 475
768 1176 844 1243 Jot.
864 1176 912 1253 20,
928 1173 966 1239 23.

180 1291 357 1372 (Descriptio,
371 1295 414 1371 est
429 1290 608 1412 'potissimum
634 1297 655 1344 1.
674 1309 691 1346 a
713 1308 799 1346 causa
816 1282 983 1367 efficimtoti}

109 1362 247 1426 ministra3
272 1367 296 1415 2.
335 1376 476 1428 nncipa13
504 1365 528 1416 3.
547 1361 666 1430 objecto.
701 1359 753 1417 Est
770 1368 865 1416 autem
881 1359 983 1416 sonim

108 1430 178 1485 haec
194 1428 239 1484 vel
254 1379 376 1500 pubiica,
395 1444 451 1497 qua
465 1428 576 1497 publice
589 1429 717 1482 omnibus
731 1426 817 1499 juxta
832 1430 984 1486 verbumst

109 1497 255 1565 dentibus,
282 1498 327 1552 rel
351 1496 473 1567 privata,
502 1514 559 1569 qua
581 1498 724 1568 sigillatim
741 1499 873 1571 privatim
888 1486 984 1553 lucil

108 1567 149 1620 illi
176 1566 300 1622 remissio
323 1570 500 1636 peccatorum
525 1567 718 1623 annunciatur.
756 1569 825 1622 Tibi
840 1566 984 1623 seminanti!

107 1641 231 1708 peccata,
248 1635 352 1689 Mattlt.
370 1637 396 1704 9,
417 1634 463 1703 2.)

131 1773 180 1840 15.
221 1771 305 1852 Quid
325 1782 369 1838 est
389 1770 484 1834 clavia
506 1771 606 1855 liparia
628 1774 689 1836 sice
704 1764 973 1840 eocommonicatiol

192 1893 253 1957 Est
273 1888 458 1954 retentionis
475 1898 677 1974 peccatorum
692 1889 895 1958 denunciatio
907 1891 941 1956 ab
952 1904 987 1951 or·

107 1975 231 2040 dinario
254 1974 406 2039 ecclesiae
432 1973 575 2037 ministro
602 1974 775 2039 incredulis
803 1988 836 2042 et
855 1988 987 2043 contum·

108 2061 198 2125 cibus
232 2059 351 2125 Christi
386 2059 513 2122 nomine
545 2058 646 2138 fucta,
680 2071 711 2123 et
743 2084 762 2123 a
793 2060 987 2127 communicat

107 2145 269 2221 ecclesiae,
291 2144 394 2208 donec
412 2143 607 2229 resipiscant,
627 2144 778 2212 exclusio.

178 2261 346 2330 (Descriptio
374 2260 443 2315 haec
464 2268 506 2315 est
522 2260 606 2341 priori
632 2262 748 2316 adversa
775 2269 798 2320 l.
822 2252 986 2319 acausacffi·

109 2331 198 2386 ciente
216 2330 389 2391 administra3
409 2336 431 2384 2.
440 2329 599 2399 principatu
618 2335 641 2386 3.
649 2331 772 2400 obiect03
795 2339 818 2387 4.
829 2333 926 2389 effecto
940 2342 986 2387 con·

108 2405 240 2472 sequente
264 2399 381 2480 duplici:
411 2404 434 2454 1.
454 2406 631 2468 peccatorum
655 2400 820 2469 retentione,
850 2408 875 2459 2.
893 2408 985 2457 commu·

108 2470 190 2524 nione
209 2469 341 2524 ecclesrae
359 2473 387 2522 et
404 2472 637 2522 sacramentorum
649 2468 814 2526 exclusione.
844 2468 986 2527 Estethrs

108 2540 153 2595 vel
170 2538 291 2609 publica,
312 2553 384 2608 quae
401 2536 433 2590 fit
444 2537 601 2590 summatim
615 2543 643 2590 et
655 2538 808 2607 generatim
820 2534 985 2611 omnibusitl·

104 2607 318 2677 poenitentibus,
333 2611 354 2660 1.
366 2607 436 2658 Tim.
450 2609 475 2673 5,
486 2608 532 2675 20,
550 2604 594 2658 vel
603 2605 718 2674 privata,
729 2623 785 2677 qua
795 2607 932 2690 sigillatim
939 2604 985 2659 hm

104 2678 149 2732 vel
166 2676 207 2730 illi
224 2674 408 2730 anathematis
426 2674 531 2726 fulmen
541 2674 729 2739 denunciatur,
748 2675 835 2731 veluti
849 2676 986 2747 uranos

105 2752 129 2801 1.
144 2747 207 2803 Cor.
219 2746 244 2812 t,
254 2748 273 2797 3
282 2761 355 2813 seqq.
373 2743 431 2799 Ubi
440 2749 567 2796 accurate
576 2746 744 2797 notandum:
757 2761 816 2799 esse
828 2750 985 2801 excommuul·

105 2814 242 2869 cntionem
267 2830 323 2866 non
349 2811 520 2881 promiscuae
545 2811 680 2866 libertatis
698 2812 728 2865 in
749 2815 874 2884 quosvis,
898 2812 983 2868 sodex·

104 2900 199 2964 presso
224 2882 309 2937 verbo
328 2881 383 2936 Dei
400 2881 554 2933 limitatam.
593 2882 717 2934 Peccaot
734 2881 820 2953 igitur
842 2889 864 2938 l.
878 2884 982 2952 pastor?

105 2951 316 3021 impoenitentes
340 2948 523 3015 absolvendo,
551 2947 712 3004 innocentes
739 2967 804 3005 vero
828 2956 982 3019 excommunlg

106 3022 208 3079 cando.
233 3020 297 3074 vide
317 3019 394 3088 epist.
420 3022 447 3071 3.
465 3017 532 3070 Jot.
552 3036 576 3070 o.
594 3023 638 3074 10.
677 3020 801 3073 Peceont
825 3026 849 3075 2.
870 3014 981 3090 pontid

126 3094 272 3143 otestatem
303 3089 375 3142 hanc
404 3086 433 3139 in
462 3102 566 3140 meram
603 3088 779 3156 tyrannidem
812 3088 977 3155 consentiit}

105 3106 226 3212 Proinde
245 3156 421 3211 anathemata
440 3155 730 3211 excommunicationis
751 3157 867 3215 fulmina
882 3173 899 3212 a
912 3150 977 3225 poni·
