<?xml version="1.0" encoding="UTF-8"?>
<!DOCTYPE html PUBLIC "-//W3C//DTD XHTML 1.0 Transitional//EN"
    "http://www.w3.org/TR/xhtml1/DTD/xhtml1-transitional.dtd">
<html xmlns="http://www.w3.org/1999/xhtml" xml:lang="en" lang="en">
 <head>
  <title>
</title>
<meta http-equiv="Content-Type" content="text/html;charset=utf-8" />
  <meta name='ocr-system' content='tesseract 3.04.00' />
  <meta name='ocr-capabilities' content='ocr_page ocr_carea ocr_par ocr_line ocrx_word'/>
</head>
<body>
  <div class='ocr_page' id='page_1' title='image "./dconradidieteri00dietgoog_0347.png"; bbox 0 0 2250 3772; ppageno 0'>
   <div class='ocr_carea' id='block_1_1' title="bbox 106 116 880 207">
    <p class='ocr_par' dir='ltr' id='par_1_1' title="bbox 106 116 880 207">
     <span class='ocr_line' id='line_1_1' title="bbox 106 116 880 207; baseline 0.001 -22"><span class='ocrx_word' id='word_1_1' title='bbox 106 119 172 185; x_wconf 80' lang='lat'>314</span> <span class='ocrx_word' id='word_1_2' title='bbox 236 116 340 205; x_wconf 86' lang='lat' dir='ltr'>Caput</span> <span class='ocrx_word' id='word_1_3' title='bbox 361 119 405 187; x_wconf 88' lang='lat'>11.</span> <span class='ocrx_word' id='word_1_4' title='bbox 448 119 501 185; x_wconf 91' lang='lat' dir='ltr'>De</span> <span class='ocrx_word' id='word_1_5' title='bbox 523 120 671 206; x_wconf 82' lang='lat' dir='ltr'>symbolo</span> <span class='ocrx_word' id='word_1_6' title='bbox 693 120 880 207; x_wconf 87' lang='lat' dir='ltr'>apostolico.</span> 
     </span>
    </p>
   </div>
   <div class='ocr_carea' id='block_1_2' title="bbox 103 286 1015 366">
    <p class='ocr_par' dir='ltr' id='par_1_2' title="bbox 103 286 1015 366">
     <span class='ocr_line' id='line_1_2' title="bbox 103 286 1015 366; baseline -0.001 -10"><span class='ocrx_word' id='word_1_7' title='bbox 103 301 205 357; x_wconf 90' lang='lat' dir='ltr'>tremo</span> <span class='ocrx_word' id='word_1_8' title='bbox 227 289 279 354; x_wconf 90' lang='lat' dir='ltr'>die</span> <span class='ocrx_word' id='word_1_9' title='bbox 307 312 327 355; x_wconf 90' lang='lat' dir='ltr'>a</span> <span class='ocrx_word' id='word_1_10' title='bbox 347 297 448 353; x_wconf 89' lang='lat' dir='ltr'>morte</span> <span class='ocrx_word' id='word_1_11' title='bbox 471 288 682 366; x_wconf 77' lang='lat' dir='ltr'>resuscitabit,</span> <span class='ocrx_word' id='word_1_12' title='bbox 710 289 791 354; x_wconf 90' lang='lat' dir='ltr'>mihi</span> <span class='ocrx_word' id='word_1_13' title='bbox 812 300 845 355; x_wconf 88' lang='lat' dir='ltr'>et</span> <span class='ocrx_word' id='word_1_14' title='bbox 864 286 1015 355; x_wconf 78' lang='lat' dir='ltr'>omnibus</span> 
     </span>
    </p>
   </div>
   <div class='ocr_carea' id='block_1_3' title="bbox 25 372 1001 443">
    <p class='ocr_par' dir='ltr' id='par_1_3' title="bbox 25 372 1001 443">
     <span class='ocr_line' id='line_1_3' title="bbox 25 372 1001 443; baseline 0.001 -1"><span class='ocrx_word' id='word_1_15' title='bbox 25 376 28 381; x_wconf 74' lang='grc'><strong>’</strong></span> <span class='ocrx_word' id='word_1_16' title='bbox 102 374 137 441; x_wconf 88' lang='lat' dir='ltr'>iu</span> <span class='ocrx_word' id='word_1_17' title='bbox 168 373 331 440; x_wconf 83' lang='lat' dir='ltr'><strong>Christum</strong></span> <span class='ocrx_word' id='word_1_18' title='bbox 361 373 563 437; x_wconf 82' lang='lat' dir='ltr'>credentibus</span> <span class='ocrx_word' id='word_1_19' title='bbox 595 373 693 438; x_wconf 89' lang='lat' dir='ltr'>vitam</span> <span class='ocrx_word' id='word_1_20' title='bbox 723 388 885 439; x_wconf 76' lang='lat' dir='ltr'>aeternam</span> <span class='ocrx_word' id='word_1_21' title='bbox 910 372 1001 443; x_wconf 76' lang='lat' dir='ltr'>dabit</span> 
     </span>
    </p>
   </div>
   <div class='ocr_carea' id='block_1_4' title="bbox 103 458 585 527">
    <p class='ocr_par' dir='ltr' id='par_1_4' title="bbox 103 458 585 527">
     <span class='ocr_line' id='line_1_4' title="bbox 103 458 585 527; baseline -0.006 -1"><span class='ocrx_word' id='word_1_22' title='bbox 103 461 178 527; x_wconf 87' lang='lat' dir='ltr'>Hoc</span> <span class='ocrx_word' id='word_1_23' title='bbox 200 458 374 524; x_wconf 86' lang='lat' dir='ltr'>certissime</span> <span class='ocrx_word' id='word_1_24' title='bbox 396 480 505 522; x_wconf 91' lang='lat' dir='ltr'>verum</span> <span class='ocrx_word' id='word_1_25' title='bbox 527 467 585 524; x_wconf 91' lang='lat' dir='ltr'>est.</span> 
     </span>
    </p>
   </div>
   <div class='ocr_carea' id='block_1_5' title="bbox 188 611 919 692">
    <p class='ocr_par' dir='ltr' id='par_1_5' title="bbox 188 611 919 692">
     <span class='ocr_line' id='line_1_5' title="bbox 188 611 919 692; baseline -0.001 -16"><span class='ocrx_word' id='word_1_26' title='bbox 188 612 218 676; x_wconf 88' lang='lat'>4.</span> <span class='ocrx_word' id='word_1_27' title='bbox 267 612 348 692; x_wconf 80' lang='lat' dir='ltr'>Quot</span> <span class='ocrx_word' id='word_1_28' title='bbox 368 613 505 676; x_wconf 82' lang='lat' dir='ltr'>membra</span> <span class='ocrx_word' id='word_1_29' title='bbox 526 613 658 675; x_wconf 76' lang='lat' dir='ltr'>continet</span> <span class='ocrx_word' id='word_1_30' title='bbox 679 612 728 676; x_wconf 72' lang='lat' dir='ltr'>tta</span> <span class='ocrx_word' id='word_1_31' title='bbox 751 611 919 677; x_wconf 73' lang='lat' dir='ltr'>articulus?</span> 
     </span>
    </p>
   </div>
   <div class='ocr_carea' id='block_1_6' title="bbox 104 727 995 1546">
    <p class='ocr_par' dir='ltr' id='par_1_6' title="bbox 188 727 760 1220">
     <span class='ocr_line' id='line_1_6' title="bbox 232 727 760 815; baseline -0.004 -21"><span class='ocrx_word' id='word_1_32' title='bbox 232 727 384 795; x_wconf 82' lang='lat' dir='ltr'>Continet</span> <span class='ocrx_word' id='word_1_33' title='bbox 404 729 575 815; x_wconf 83' lang='lat' dir='ltr'>praecipue</span> <span class='ocrx_word' id='word_1_34' title='bbox 597 729 760 812; x_wconf 84' lang='lat' dir='ltr'>quinque:</span> 
     </span>
     <span class='ocr_line' id='line_1_7' title="bbox 191 813 579 900; baseline -0.003 -23"><span class='ocrx_word' id='word_1_35' title='bbox 191 814 218 878; x_wconf 89' lang='grc'>1.</span> <span class='ocrx_word' id='word_1_36' title='bbox 241 815 292 879; x_wconf 94' lang='lat' dir='ltr'>De</span> <span class='ocrx_word' id='word_1_37' title='bbox 316 813 439 900; x_wconf 86' lang='lat' dir='ltr'>Spiritu</span> <span class='ocrx_word' id='word_1_38' title='bbox 461 827 579 878; x_wconf 86' lang='lat' dir='ltr'>sancto.</span> 
     </span>
     <span class='ocr_line' id='line_1_8' title="bbox 189 897 637 964; baseline -0.004 -1"><span class='ocrx_word' id='word_1_39' title='bbox 189 899 220 964; x_wconf 80' lang='lat'>2.</span> <span class='ocrx_word' id='word_1_40' title='bbox 242 899 295 963; x_wconf 93' lang='lat' dir='ltr'>De</span> <span class='ocrx_word' id='word_1_41' title='bbox 317 899 451 964; x_wconf 91' lang='lat' dir='ltr'>ecclesia</span> <span class='ocrx_word' id='word_1_42' title='bbox 472 897 637 963; x_wconf 87' lang='lat' dir='ltr'>catholica.</span> 
     </span>
     <span class='ocr_line' id='line_1_9' title="bbox 190 982 734 1070; baseline 0.004 -22"><span class='ocrx_word' id='word_1_43' title='bbox 190 985 219 1048; x_wconf 83' lang='lat'>3.</span> <span class='ocrx_word' id='word_1_44' title='bbox 242 982 295 1047; x_wconf 92' lang='lat' dir='ltr'>De</span> <span class='ocrx_word' id='word_1_45' title='bbox 315 983 502 1066; x_wconf 84' lang='lat' dir='ltr'>remissione</span> <span class='ocrx_word' id='word_1_46' title='bbox 522 994 734 1070; x_wconf 88' lang='lat' dir='ltr'>peccatorum.</span> 
     </span>
     <span class='ocr_line' id='line_1_10' title="bbox 188 1067 678 1134; baseline 0 -1"><span class='ocrx_word' id='word_1_47' title='bbox 188 1069 220 1134; x_wconf 88' lang='lat'>4.</span> <span class='ocrx_word' id='word_1_48' title='bbox 241 1069 293 1133; x_wconf 91' lang='lat' dir='ltr'>De</span> <span class='ocrx_word' id='word_1_49' title='bbox 316 1069 419 1133; x_wconf 90' lang='lat' dir='ltr'>carnis</span> <span class='ocrx_word' id='word_1_50' title='bbox 440 1067 678 1133; x_wconf 90' lang='lat' dir='ltr'>resurrectione.</span> 
     </span>
     <span class='ocr_line' id='line_1_11' title="bbox 190 1154 539 1220; baseline 0.006 -2"><span class='ocrx_word' id='word_1_51' title='bbox 190 1154 220 1218; x_wconf 89' lang='lat'>5.</span> <span class='ocrx_word' id='word_1_52' title='bbox 244 1155 296 1217; x_wconf 91' lang='lat' dir='ltr'>De</span> <span class='ocrx_word' id='word_1_53' title='bbox 318 1154 382 1217; x_wconf 91' lang='lat' dir='ltr'>vita</span> <span class='ocrx_word' id='word_1_54' title='bbox 402 1166 539 1220; x_wconf 73' lang='lat' dir='ltr'>aeterna,</span> 
     </span>
    </p>

    <p class='ocr_par' dir='ltr' id='par_1_7' title="bbox 104 1264 995 1546">
     <span class='ocr_line' id='line_1_12' title="bbox 164 1264 976 1341; baseline -0.002 -18"><span class='ocrx_word' id='word_1_55' title='bbox 164 1269 246 1333; x_wconf 88' lang='lat' dir='ltr'>(Dico</span> <span class='ocrx_word' id='word_1_56' title='bbox 264 1269 425 1340; x_wconf 74' lang='lat' dir='ltr'>praecipue,</span> <span class='ocrx_word' id='word_1_57' title='bbox 444 1270 511 1341; x_wconf 88' lang='lat' dir='ltr'>quia</span> <span class='ocrx_word' id='word_1_58' title='bbox 526 1269 570 1323; x_wconf 85' lang='lat' dir='ltr'>his</span> <span class='ocrx_word' id='word_1_59' title='bbox 590 1268 713 1340; x_wconf 87' lang='lat' dir='ltr'>quinque</span> <span class='ocrx_word' id='word_1_60' title='bbox 726 1268 775 1322; x_wconf 88' lang='lat' dir='ltr'>alii</span> <span class='ocrx_word' id='word_1_61' title='bbox 792 1268 884 1337; x_wconf 84' lang='lat' dir='ltr'>plures</span> <span class='ocrx_word' id='word_1_62' title='bbox 898 1264 976 1336; x_wconf 65' lang='lat' dir='ltr'>propt!</span> 
     </span>
     <span class='ocr_line' id='line_1_13' title="bbox 104 1334 977 1410; baseline -0.007 -15"><span class='ocrx_word' id='word_1_63' title='bbox 104 1340 237 1395; x_wconf 88' lang='lat' dir='ltr'>materiae</span> <span class='ocrx_word' id='word_1_64' title='bbox 265 1339 459 1410; x_wconf 83' lang='lat' dir='ltr'>cognationem</span> <span class='ocrx_word' id='word_1_65' title='bbox 486 1345 515 1394; x_wconf 88' lang='lat' dir='ltr'>et</span> <span class='ocrx_word' id='word_1_66' title='bbox 540 1336 704 1392; x_wconf 84' lang='lat' dir='ltr'>affinitatem</span> <span class='ocrx_word' id='word_1_67' title='bbox 729 1337 917 1402; x_wconf 88' lang='lat' dir='ltr'>includuntur,</span> <span class='ocrx_word' id='word_1_68' title='bbox 933 1334 977 1407; x_wconf 51' lang='lat' dir='ltr'>pq</span> 
     </span>
     <span class='ocr_line' id='line_1_14' title="bbox 108 1398 977 1477; baseline -0.009 -12"><span class='ocrx_word' id='word_1_69' title='bbox 108 1412 130 1465; x_wconf 91' lang='lat' dir='ltr'>t.</span> <span class='ocrx_word' id='word_1_70' title='bbox 155 1408 189 1461; x_wconf 93' lang='lat' dir='ltr'>de</span> <span class='ocrx_word' id='word_1_71' title='bbox 207 1406 295 1462; x_wconf 89' lang='lat' dir='ltr'>libero</span> <span class='ocrx_word' id='word_1_72' title='bbox 313 1408 444 1477; x_wconf 86' lang='lat' dir='ltr'>arbitrio,</span> <span class='ocrx_word' id='word_1_73' title='bbox 465 1414 488 1463; x_wconf 78' lang='grc'>2.</span> <span class='ocrx_word' id='word_1_74' title='bbox 508 1408 543 1461; x_wconf 94' lang='lat' dir='ltr'>de</span> <span class='ocrx_word' id='word_1_75' title='bbox 561 1407 707 1461; x_wconf 80' lang='lat' dir='ltr'>vocatione</span> <span class='ocrx_word' id='word_1_76' title='bbox 724 1406 907 1460; x_wconf 85' lang='lat' dir='ltr'>ministrorum</span> <span class='ocrx_word' id='word_1_77' title='bbox 920 1398 977 1457; x_wconf 74' lang='lat' dir='ltr'>rete</span> 
     </span>
     <span class='ocr_line' id='line_1_15' title="bbox 106 1468 995 1546; baseline -0.007 -16"><span class='ocrx_word' id='word_1_78' title='bbox 106 1481 129 1531; x_wconf 86' lang='grc'>3.</span> <span class='ocrx_word' id='word_1_79' title='bbox 150 1475 184 1530; x_wconf 91' lang='lat' dir='ltr'>de</span> <span class='ocrx_word' id='word_1_80' title='bbox 199 1476 396 1546; x_wconf 85' lang='lat' dir='ltr'>justificatione</span> <span class='ocrx_word' id='word_1_81' title='bbox 414 1486 442 1531; x_wconf 87' lang='lat' dir='ltr'>et</span> <span class='ocrx_word' id='word_1_82' title='bbox 458 1476 528 1543; x_wconf 89' lang='lat' dir='ltr'>fide,</span> <span class='ocrx_word' id='word_1_83' title='bbox 552 1482 577 1535; x_wconf 85' lang='grc'>4.</span> <span class='ocrx_word' id='word_1_84' title='bbox 596 1475 631 1530; x_wconf 92' lang='lat' dir='ltr'>de</span> <span class='ocrx_word' id='word_1_85' title='bbox 654 1475 790 1530; x_wconf 86' lang='lat' dir='ltr'>electione</span> <span class='ocrx_word' id='word_1_86' title='bbox 814 1483 842 1529; x_wconf 90' lang='lat' dir='ltr'>et</span> <span class='ocrx_word' id='word_1_87' title='bbox 864 1468 995 1543; x_wconf 43' lang='lat' dir='ltr'>praedest,</span> 
     </span>
    </p>
   </div>
   <div class='ocr_carea' id='block_1_7' title="bbox 105 1531 977 1686">
    <p class='ocr_par' dir='ltr' id='par_1_8' title="bbox 105 1531 977 1686">
     <span class='ocr_line' id='line_1_16' title="bbox 105 1531 977 1614; baseline -0.009 -13"><span class='ocrx_word' id='word_1_88' title='bbox 105 1545 231 1614; x_wconf 85' lang='lat' dir='ltr'>natione,</span> <span class='ocrx_word' id='word_1_89' title='bbox 250 1546 315 1601; x_wconf 88' lang='lat' dir='ltr'>item</span> <span class='ocrx_word' id='word_1_90' title='bbox 337 1562 372 1600; x_wconf 92' lang='lat' dir='ltr'>ue</span> <span class='ocrx_word' id='word_1_91' title='bbox 387 1546 510 1614; x_wconf 82' lang='lat' dir='ltr'>inferno,</span> <span class='ocrx_word' id='word_1_92' title='bbox 530 1544 564 1599; x_wconf 90' lang='lat' dir='ltr'>de</span> <span class='ocrx_word' id='word_1_93' title='bbox 602 1544 683 1598; x_wconf 88' lang='lat' dir='ltr'>uibus</span> <span class='ocrx_word' id='word_1_94' title='bbox 701 1542 830 1598; x_wconf 87' lang='lat' dir='ltr'>omnibus</span> <span class='ocrx_word' id='word_1_95' title='bbox 848 1552 877 1598; x_wconf 88' lang='lat' dir='ltr'>et</span> <span class='ocrx_word' id='word_1_96' title='bbox 894 1531 977 1609; x_wconf 67' lang='lat' dir='ltr'>angat*</span> 
     </span>
     <span class='ocr_line' id='line_1_17' title="bbox 106 1612 917 1686; baseline -0.004 -18"><span class='ocrx_word' id='word_1_97' title='bbox 106 1612 135 1668; x_wconf 92' lang='lat' dir='ltr'>in</span> <span class='ocrx_word' id='word_1_98' title='bbox 152 1612 205 1668; x_wconf 88' lang='lat' dir='ltr'>hoe</span> <span class='ocrx_word' id='word_1_99' title='bbox 225 1615 342 1685; x_wconf 82' lang='lat' dir='ltr'>symbo&#39;</span> <span class='ocrx_word' id='word_1_100' title='bbox 362 1615 507 1686; x_wconf 86' lang='lat' dir='ltr'>apostolici</span> <span class='ocrx_word' id='word_1_101' title='bbox 524 1629 597 1668; x_wconf 91' lang='lat' dir='ltr'>mem</span> <span class='ocrx_word' id='word_1_102' title='bbox 617 1629 648 1666; x_wconf 91' lang='lat' dir='ltr'>ro</span> <span class='ocrx_word' id='word_1_103' title='bbox 667 1612 747 1669; x_wconf 90' lang='lat' dir='ltr'>nobis</span> <span class='ocrx_word' id='word_1_104' title='bbox 765 1612 917 1683; x_wconf 71' lang='lat' dir='ltr'>agendum)</span> 
     </span>
    </p>
   </div>
   <div class='ocr_carea' id='block_1_8' title="bbox 271 1763 844 1834">
    <p class='ocr_par' dir='ltr' id='par_1_9' title="bbox 271 1763 844 1834">
     <span class='ocr_line' id='line_1_18' title="bbox 271 1763 844 1834; baseline -0.005 -3"><span class='ocrx_word' id='word_1_105' title='bbox 271 1767 299 1832; x_wconf 89' lang='lat' dir='ltr'>I.</span> <span class='ocrx_word' id='word_1_106' title='bbox 342 1769 407 1834; x_wconf 80' lang='lat' dir='ltr'>DE</span> <span class='ocrx_word' id='word_1_107' title='bbox 436 1766 621 1833; x_wconf 83' lang='lat' dir='ltr'>SPIRITU</span> <span class='ocrx_word' id='word_1_108' title='bbox 648 1763 844 1831; x_wconf 84' lang='lat' dir='ltr'>SANCTO.</span> 
     </span>
    </p>
   </div>
   <div class='ocr_carea' id='block_1_9' title="bbox 149 1916 990 2089">
    <p class='ocr_par' dir='ltr' id='par_1_10' title="bbox 149 1916 990 2089">
     <span class='ocr_line' id='line_1_19' title="bbox 149 1916 990 2004; baseline -0.01 -20"><span class='ocrx_word' id='word_1_109' title='bbox 149 1922 178 1985; x_wconf 91' lang='lat'>1.</span> <span class='ocrx_word' id='word_1_110' title='bbox 225 1919 343 1997; x_wconf 70' lang='lat' dir='ltr'>Quidue</span> <span class='ocrx_word' id='word_1_111' title='bbox 364 1922 463 1987; x_wconf 76' lang='lat' dir='ltr'>verbis</span> <span class='ocrx_word' id='word_1_112' title='bbox 485 1921 635 1983; x_wconf 78' lang='lat' dir='ltr'>articctus</span> <span class='ocrx_word' id='word_1_113' title='bbox 658 1921 695 1982; x_wconf 84' lang='lat' dir='ltr'>de</span> <span class='ocrx_word' id='word_1_114' title='bbox 716 1917 841 2004; x_wconf 88' lang='lat' dir='ltr'>Spiritu</span> <span class='ocrx_word' id='word_1_115' title='bbox 862 1923 953 1981; x_wconf 85' lang='lat' dir='ltr'>sancto</span> <span class='ocrx_word' id='word_1_116' title='bbox 977 1916 990 1963; x_wconf 77' lang='grc' dir='ltr'>Ι</span> 
     </span>
     <span class='ocr_line' id='line_1_20' title="bbox 448 2003 662 2089; baseline 0.005 -23"><span class='ocrx_word' id='word_1_117' title='bbox 448 2003 662 2089; x_wconf 78' lang='lat' dir='ltr'>proponitur?</span> 
     </span>
    </p>
   </div>
   <div class='ocr_carea' id='block_1_10' title="bbox 104 2115 982 2632">
    <p class='ocr_par' dir='ltr' id='par_1_11' title="bbox 104 2115 982 2632">
     <span class='ocr_line' id='line_1_21' title="bbox 191 2115 980 2207; baseline -0.004 -23"><span class='ocrx_word' id='word_1_118' title='bbox 191 2124 232 2184; x_wconf 83' lang='lat' dir='ltr'>In</span> <span class='ocrx_word' id='word_1_119' title='bbox 252 2123 386 2205; x_wconf 75' lang='lat' dir='ltr'>symbolo</span> <span class='ocrx_word' id='word_1_120' title='bbox 408 2123 574 2205; x_wconf 80' lang='lat' dir='ltr'>apostolico</span> <span class='ocrx_word' id='word_1_121' title='bbox 595 2124 662 2185; x_wconf 78' lang='lat' dir='ltr'>ta:</span> <span class='ocrx_word' id='word_1_122' title='bbox 686 2119 792 2185; x_wconf 85' lang='lat' dir='ltr'>Credo</span> <span class='ocrx_word' id='word_1_123' title='bbox 811 2120 846 2184; x_wconf 92' lang='lat' dir='ltr'>in</span> <span class='ocrx_word' id='word_1_124' title='bbox 861 2115 980 2207; x_wconf 66' lang='lat' dir='ltr'>spiriac</span> 
     </span>
     <span class='ocr_line' id='line_1_22' title="bbox 107 2203 980 2291; baseline -0.003 -23"><span class='ocrx_word' id='word_1_125' title='bbox 107 2214 272 2282; x_wconf 85' lang='lat' dir='ltr'>sanctum3</span> <span class='ocrx_word' id='word_1_126' title='bbox 294 2208 327 2268; x_wconf 84' lang='lat' dir='ltr'>in</span> <span class='ocrx_word' id='word_1_127' title='bbox 347 2207 481 2288; x_wconf 71' lang='lat' dir='ltr'>symbolo</span> <span class='ocrx_word' id='word_1_128' title='bbox 503 2206 624 2270; x_wconf 71' lang='lat' dir='ltr'>Niceao</span> <span class='ocrx_word' id='word_1_129' title='bbox 646 2210 734 2269; x_wconf 77' lang='lat' dir='ltr'>ictis:</span> <span class='ocrx_word' id='word_1_130' title='bbox 757 2216 790 2269; x_wconf 89' lang='lat' dir='ltr'>et</span> <span class='ocrx_word' id='word_1_131' title='bbox 811 2204 846 2270; x_wconf 93' lang='lat' dir='ltr'>in</span> <span class='ocrx_word' id='word_1_132' title='bbox 860 2203 980 2291; x_wconf 78' lang='lat' dir='ltr'>spiriac</span> 
     </span>
     <span class='ocr_line' id='line_1_23' title="bbox 105 2288 981 2373; baseline -0.001 -21"><span class='ocrx_word' id='word_1_133' title='bbox 105 2300 260 2367; x_wconf 91' lang='lat' dir='ltr'>sanctum,</span> <span class='ocrx_word' id='word_1_134' title='bbox 285 2288 461 2353; x_wconf 90' lang='lat' dir='ltr'>Dominum</span> <span class='ocrx_word' id='word_1_135' title='bbox 484 2303 515 2354; x_wconf 89' lang='lat' dir='ltr'>et</span> <span class='ocrx_word' id='word_1_136' title='bbox 536 2289 758 2366; x_wconf 82' lang='lat' dir='ltr'>vivificantem,</span> <span class='ocrx_word' id='word_1_137' title='bbox 781 2291 836 2373; x_wconf 89' lang='lat' dir='ltr'>qni</span> <span class='ocrx_word' id='word_1_138' title='bbox 858 2313 897 2355; x_wconf 86' lang='lat' dir='ltr'>ex</span> <span class='ocrx_word' id='word_1_139' title='bbox 913 2288 981 2354; x_wconf 79' lang='lat' dir='ltr'>Pattt</span> 
     </span>
     <span class='ocr_line' id='line_1_24' title="bbox 106 2358 981 2461; baseline -0.006 -22"><span class='ocrx_word' id='word_1_140' title='bbox 106 2373 237 2458; x_wconf 80' lang='lat' dir='ltr'>filioque</span> <span class='ocrx_word' id='word_1_141' title='bbox 256 2374 417 2461; x_wconf 89' lang='lat' dir='ltr'>procedit,</span> <span class='ocrx_word' id='word_1_142' title='bbox 445 2374 500 2458; x_wconf 91' lang='lat' dir='ltr'>qui</span> <span class='ocrx_word' id='word_1_143' title='bbox 526 2397 599 2439; x_wconf 87' lang='lat' dir='ltr'>cum</span> <span class='ocrx_word' id='word_1_144' title='bbox 627 2375 725 2440; x_wconf 86' lang='lat' dir='ltr'>Patre</span> <span class='ocrx_word' id='word_1_145' title='bbox 754 2387 786 2439; x_wconf 89' lang='lat' dir='ltr'>et</span> <span class='ocrx_word' id='word_1_146' title='bbox 811 2375 896 2441; x_wconf 85' lang='lat' dir='ltr'>Filio</span> <span class='ocrx_word' id='word_1_147' title='bbox 915 2358 981 2437; x_wconf 76' lang='lat' dir='ltr'>aad</span> 
     </span>
     <span class='ocr_line' id='line_1_25' title="bbox 104 2459 982 2609; baseline -0.003 -85"><span class='ocrx_word' id='word_1_148' title='bbox 104 2459 256 2609; x_wconf 54' lang='lat' dir='ltr'>adorptur</span> <span class='ocrx_word' id='word_1_149' title='bbox 282 2470 314 2525; x_wconf 89' lang='lat' dir='ltr'>et</span> <span class='ocrx_word' id='word_1_150' title='bbox 347 2460 619 2546; x_wconf 80' lang='lat' dir='ltr'>conglorificatur,</span> <span class='ocrx_word' id='word_1_151' title='bbox 647 2461 704 2544; x_wconf 93' lang='lat' dir='ltr'>qui</span> <span class='ocrx_word' id='word_1_152' title='bbox 729 2459 855 2524; x_wconf 90' lang='lat' dir='ltr'>locutus</span> <span class='ocrx_word' id='word_1_153' title='bbox 882 2469 925 2527; x_wconf 86' lang='lat' dir='ltr'>est</span> <span class='ocrx_word' id='word_1_154' title='bbox 944 2464 982 2543; x_wconf 72' lang='lat' dir='ltr'>pet</span> 
     </span>
     <span class='ocr_line' id='line_1_26' title="bbox 104 2556 285 2632; baseline 0.006 -22"><span class='ocrx_word' id='word_1_155' title='bbox 104 2567 186 2632; x_wconf 91' lang='lat' dir='ltr'>prop</span> <span class='ocrx_word' id='word_1_156' title='bbox 209 2556 285 2611; x_wconf 88' lang='lat' dir='ltr'>etas.</span> 
     </span>
    </p>
   </div>
   <div class='ocr_carea' id='block_1_11' title="bbox 180 2694 934 2782">
    <p class='ocr_par' dir='ltr' id='par_1_12' title="bbox 180 2694 934 2782">
     <span class='ocr_line' id='line_1_27' title="bbox 180 2694 934 2782; baseline -0.009 -18"><span class='ocrx_word' id='word_1_157' title='bbox 180 2696 211 2764; x_wconf 80' lang='grc'>2.</span> <span class='ocrx_word' id='word_1_158' title='bbox 254 2695 417 2764; x_wconf 70' lang='lat' dir='ltr'>Caedicia</span> <span class='ocrx_word' id='word_1_159' title='bbox 440 2701 529 2761; x_wconf 80' lang='lat' dir='ltr'>credo</span> <span class='ocrx_word' id='word_1_160' title='bbox 550 2700 584 2763; x_wconf 81' lang='lat' dir='ltr'>ia</span> <span class='ocrx_word' id='word_1_161' title='bbox 606 2698 761 2782; x_wconf 77' lang='lat' dir='ltr'>Spiritum</span> <span class='ocrx_word' id='word_1_162' title='bbox 781 2694 934 2763; x_wconf 64' lang='lat' dir='ltr'>mactem?</span> 
     </span>
    </p>
   </div>
   <div class='ocr_carea' id='block_1_12' title="bbox 102 2801 982 3156">
    <p class='ocr_par' dir='ltr' id='par_1_13' title="bbox 102 2801 982 3156">
     <span class='ocr_line' id='line_1_28' title="bbox 191 2801 982 2902; baseline -0.009 -20"><span class='ocrx_word' id='word_1_163' title='bbox 191 2814 278 2898; x_wconf 85' lang='lat' dir='ltr'>Quia</span> <span class='ocrx_word' id='word_1_164' title='bbox 307 2817 444 2882; x_wconf 90' lang='lat' dir='ltr'>eundem</span> <span class='ocrx_word' id='word_1_165' title='bbox 480 2816 605 2879; x_wconf 88' lang='lat' dir='ltr'>tertiam</span> <span class='ocrx_word' id='word_1_166' title='bbox 635 2838 806 2902; x_wconf 86' lang='lat' dir='ltr'>personam</span> <span class='ocrx_word' id='word_1_167' title='bbox 833 2801 982 2881; x_wconf 73' lang='lat' dir='ltr'>divinitatis</span> 
     </span>
     <span class='ocr_line' id='line_1_29' title="bbox 102 2900 981 2987; baseline -0.006 -21"><span class='ocrx_word' id='word_1_168' title='bbox 102 2904 329 2987; x_wconf 89' lang='lat' dir='ltr'>procedentem</span> <span class='ocrx_word' id='word_1_169' title='bbox 364 2903 405 2966; x_wconf 88' lang='lat' dir='ltr'>ab</span> <span class='ocrx_word' id='word_1_170' title='bbox 428 2911 557 2964; x_wconf 90' lang='lat' dir='ltr'>aeterno</span> <span class='ocrx_word' id='word_1_171' title='bbox 579 2924 599 2965; x_wconf 88' lang='lat' dir='ltr'>a</span> <span class='ocrx_word' id='word_1_172' title='bbox 621 2901 719 2966; x_wconf 82' lang='lat' dir='ltr'>Patre</span> <span class='ocrx_word' id='word_1_173' title='bbox 743 2913 775 2965; x_wconf 89' lang='lat' dir='ltr'>et</span> <span class='ocrx_word' id='word_1_174' title='bbox 801 2902 886 2966; x_wconf 88' lang='lat' dir='ltr'>Filio</span> <span class='ocrx_word' id='word_1_175' title='bbox 915 2900 981 2975; x_wconf 70' lang='lat' dir='ltr'>atq¹¹⁰</span> 
     </span>
     <span class='ocr_line' id='line_1_30' title="bbox 104 2978 982 3071; baseline -0.003 -20"><span class='ocrx_word' id='word_1_176' title='bbox 104 2986 152 3052; x_wconf 88' lang='lat' dir='ltr'>sic</span> <span class='ocrx_word' id='word_1_177' title='bbox 171 3010 282 3052; x_wconf 86' lang='lat' dir='ltr'>verum</span> <span class='ocrx_word' id='word_1_178' title='bbox 299 2989 405 3053; x_wconf 89' lang='lat' dir='ltr'>Deum</span> <span class='ocrx_word' id='word_1_179' title='bbox 427 3007 579 3071; x_wconf 85' lang='lat' dir='ltr'>agnosco,</span> <span class='ocrx_word' id='word_1_180' title='bbox 600 2985 634 3049; x_wconf 93' lang='lat' dir='ltr'>in</span> <span class='ocrx_word' id='word_1_181' title='bbox 653 3009 748 3070; x_wconf 91' lang='lat' dir='ltr'>quem</span> <span class='ocrx_word' id='word_1_182' title='bbox 768 2988 872 3051; x_wconf 93' lang='lat' dir='ltr'>solum</span> <span class='ocrx_word' id='word_1_183' title='bbox 885 2978 982 3050; x_wconf 67' lang='lat' dir='ltr'>crcdffl&#39;</span> 
     </span>
     <span class='ocr_line' id='line_1_31' title="bbox 104 3070 918 3156; baseline 0 -21"><span class='ocrx_word' id='word_1_184' title='bbox 104 3070 193 3149; x_wconf 91' lang='lat' dir='ltr'>dum,</span> <span class='ocrx_word' id='word_1_185' title='bbox 215 3072 323 3156; x_wconf 90' lang='lat' dir='ltr'>etqui</span> <span class='ocrx_word' id='word_1_186' title='bbox 344 3072 432 3137; x_wconf 91' lang='lat' dir='ltr'>solus</span> <span class='ocrx_word' id='word_1_187' title='bbox 455 3071 662 3149; x_wconf 86' lang='lat' dir='ltr'>invocandus,</span> <span class='ocrx_word' id='word_1_188' title='bbox 684 3073 779 3139; x_wconf 80' lang='lat' dir='ltr'>Dect.</span> <span class='ocrx_word' id='word_1_189' title='bbox 802 3074 833 3149; x_wconf 89' lang='grc'>6,</span> <span class='ocrx_word' id='word_1_190' title='bbox 856 3073 918 3139; x_wconf 88' lang='grc'><strong>13..</strong></span> 
     </span>
    </p>
   </div>
   <div class='ocr_carea' id='block_1_13' title="bbox 0 0 1130 3772">
    <p class='ocr_par' dir='ltr' id='par_1_14' title="bbox 0 0 1130 3772">
     <span class='ocr_line' id='line_1_32' title="bbox 0 0 1130 3772; baseline 0 1"><span class='ocrx_word' id='word_1_191' title='bbox 0 0 1130 3772; x_wconf 95' lang='lat' dir='ltr'> </span> 
     </span>
    </p>
   </div>
  </div>
 </body>
</html>
