2250 3772
105 240 168 306 144
343 237 450 324 Caput
471 236 497 303 I.
542 236 594 300 De
613 235 778 321 decalogo.

175 406 315 478 (intellige
327 408 427 463 iterum
439 404 562 460 interiori
576 404 727 476 praecipue
738 405 928 487 perversitate,
937 398 1001 479 'quac

105 481 148 533 est
166 493 253 530 concu
274 475 391 530 iacentia
408 473 559 546 originalis.
591 474 702 545 Moyses
723 475 862 544 siquidem
873 473 926 531 hec
937 472 1001 549 prio

105 550 227 616 ceptum,
279 552 332 599 eat.
348 549 373 611 5,
394 547 438 607 21,
457 544 496 597 sic
517 543 657 597 declarat:
675 561 732 597 noa
750 561 784 597 ea
804 552 829 599 te
848 545 910 615 epea
926 558 1001 599 maes

106 614 377 682 concapiaceatiem;
405 612 506 682 quibus
531 611 623 667 verbis
649 612 710 682 ipsa
738 617 857 669 naturae
880 610 1001 685 corruptio

106 682 221 738 interior
240 698 275 735 ue
291 698 327 735 cu
347 681 478 735 iditatum
496 697 645 750 pravarum
662 679 742 735 radix
761 680 917 753 emphatice
934 682 1001 737 deno

106 756 190 806 tatur.
253 699 413 831 satieris
431 754 524 804 autem
540 749 569 803 in
583 750 668 831 hujus
680 751 824 822 praecepti
837 750 1001 823 explicationi

106 819 359 890 concupiscentiam
379 819 408 872 in
427 834 530 889 genere
548 819 726 886 considerat.)

106 943 157 1006 93.
194 941 323 1025 Erpone
337 943 444 1002 uaeris
465 951 593 1024 tautum,
617 942 783 1028 aeriorem,
806 928 1001 1020 eatieiilartitil

102 1027 271 1111 pecudum,
293 1036 321 1087 et
341 1047 404 1087 aaa
427 1024 689 1172 aliamffbrmin
711 1028 952 1110 eoncupiscentia
965 1020 1001 1091 lul

461 1131 522 1192 pro
546 1133 557 1171 z
578 1118 661 1173 etttr.¹

193 1211 288 1286 Non3
323 1210 380 1273 sed
414 1208 490 1293 quia
521 1208 666 1274 homines
700 1212 863 1277 ardentius
891 1213 955 1277 sere
985 1224 1001 1267 θ

106 1295 341 1362 fraudulentius
363 1295 442 1358 haec
463 1295 700 1381 concupiscunt,
723 1297 796 1362 ideo
812 1309 843 1362 et
858 1288 1001 1446 speciatit

108 1381 345 1467 exprimuntur,
372 1378 496 1462 reliqua
524 1401 599 1443 vero
626 1381 734 1445 omnia
762 1382 905 1467 generai
925 1382 1001 1446 intel

108 1467 194 1530 dicto
216 1464 441 1551 prohibentur,
472 1462 559 1546 quod
580 1465 740 1531 Dominus
769 1467 951 1532 immediate
972 1453 1001 1527 h*

107 1550 213 1616 verbis
245 1549 390 1634 subjicit:
424 1571 477 1612 nee
510 1552 674 1632 quiequam
704 1575 820 1630 eoram,
854 1576 931 1638 qaae
951 1565 1001 1618 ew

69 1720 73 1733 ι
103 1639 248 1722 proaimi
268 1638 320 1712 titi,
341 1635 436 1698 lieet.
458 1632 489 1717 5,
509 1633 560 1697 21.

180 1753 244 1819 (Est
262 1752 349 1823 igitur
367 1757 395 1806 et
412 1751 441 1803 in
455 1750 515 1809 hoc,
535 1751 608 1804 sicut
620 1751 687 1805 etin
700 1750 761 1805 aliis
774 1755 942 1824 praeceptis,
959 1759 1001 1821 sy

109 1822 231 1878 ecdoehe
254 1821 342 1894 partis
367 1837 417 1889 pro
442 1824 508 1873 toto.
551 1819 671 1874 Notatur
695 1820 767 1874 enim
791 1823 897 1891 species
918 1839 979 1879 una

70 1904 74 1916 ·
110 1893 208 1961 altera,
227 1896 255 1944 et
272 1888 519 1958 subintelliguntur
539 1888 663 1957 ejusdem
684 1889 793 1958 generis
805 1890 913 1962 reliqua
925 1902 1001 1947 omn

111 1977 183 2032 quae
201 1959 322 2029 Spiritus
341 1963 454 2011 sanctus
479 1956 508 2009 in
533 1955 763 2036 explicationibus
780 1959 981 2030 prophetarum
996 2018 1001 2027 ,

110 2029 296 2084 aostolorum
314 2025 537 2080 subincludenda
561 2025 680 2093 indicat,
708 2032 739 2080 ut
761 2033 845 2096 puta,
872 2029 942 2099 viri,
966 2024 1001 2085 fi

108 2048 193 2166 filiae,
212 2096 368 2166 indigenae,
387 2093 516 2164 gallinae,
535 2110 645 2161 vaccae,
666 2095 738 2164 equi,
752 2095 829 2164 muli,
840 2096 932 2168 vituli,
944 2102 1001 2154 tau

132 2165 233 2229 orselli,
252 2181 323 2230 aues,
343 2179 453 2217 anseres
472 2167 524 2215 cte.
557 2162 633 2217 Bene
645 2163 798 2231 Angustia:
815 2172 922 2235 quaest.
937 2174 979 2225 tt.

110 2185 198 2288 ixod.
217 2238 237 2287 t.
256 2239 279 2287 4.
304 2231 357 2285 col.
377 2236 433 2286 194.
455 2231 489 2282 A.
526 2231 590 2283 late
618 2232 663 2284 lea
680 2251 736 2285 noa
755 2234 824 2287 aelia
841 2235 912 2288 ciria
930 2236 1001 2305 inp

105 2303 187 2372 palo,
205 2318 301 2354 aeram
315 2301 400 2352 etiem
410 2298 549 2367 foeminis
569 2302 640 2353 dete
659 2308 707 2354 eat.
741 2302 837 2370 Neque
857 2305 1001 2375 enitatqu

113 2371 234 2424 dictem:
258 2387 315 2422 aon
341 2367 519 2435 concupitam
549 2386 662 2422 acorem
684 2369 812 2437 proaimi
834 2373 891 2440 tei,
918 2372 1001 2427 aab

110 2439 166 2492 sibi
188 2443 371 2507 praeceptam
396 2437 477 2495 dedet
499 2444 606 2506 patore
617 2437 762 2505 foemina,
792 2447 929 2508 tanquam
951 2442 1001 2497 liar

106 2513 205 2577 poscet
224 2506 419 2575 eonermieeere
438 2505 528 2557 ciram
543 2508 690 2573 proximae
708 2523 775 2559 auae
795 2516 844 2563 etc.
877 2509 915 2563 Et
934 2511 1001 2569 itae

111 2593 206 2630 omnes
223 2572 348 2628 homines
366 2573 420 2627 hoe
437 2580 618 2643 praeceptum
635 2574 763 2644 pertinet,
779 2592 812 2629 ac
826 2576 1001 2637 universaef

110 2644 204 2698 miliae
233 2643 360 2714 adeoque
385 2658 612 2713 quarumcunque
634 2644 751 2711 proximi
777 2660 869 2698 rerum
896 2663 1001 2721 concup

111 2712 231 2769 scentias
263 2712 374 2766 omniuo
402 2712 527 2779 damnat,
554 2717 583 2765 et
609 2713 685 2782 apud
703 2713 795 2766 Deum
822 2721 943 2783 peccata
968 2732 1001 2773 ee

110 2781 295 2853 pronunciat.)

112 2903 163 2969 94.
199 2901 277 2965 Cum
298 2923 369 2964 vero
384 2901 626 2984 eoncupiscentia
641 2900 688 2962 lic
704 2902 802 2964 denae
812 2905 1001 2986 prohibente

113 2998 220 3050 suntne
252 2988 398 3050 distincta
429 2995 597 3068 praecepte
630 2988 667 3048 de
695 3009 757 3049 aon
785 2992 1001 3072 eorrcapiaceaa

147 3075 247 3143 dome,
270 3083 297 3134 et
318 3073 355 3134 de
376 3091 437 3132 naon
458 3069 698 3151 eonmpiaeenda
714 3073 858 3152 proairni
876 3072 1000 3139 acore?

196 3169 349 3236 Omnino.
389 3166 477 3249 Quia
508 3169 535 3231 1.
558 3167 620 3252 ipsi
644 3169 716 3233 Deo
740 3169 860 3256 duplici
881 3174 1001 3259 prohib

112 3256 199 3320 tione
217 3254 414 3339 distinguere
435 3253 470 3316 in
491 3252 575 3317 hune
596 3253 727 3316 modum
748 3254 877 3340 placuit.
