2250 3772
260 246 321 321 ,Do
342 246 470 330 ‘objecto
492 243 651 331 baptismi.
687 311 690 315 ,
886 244 952 312 513

74 433 92 485 i..
128 418 188 489 ¹Ubi
205 418 244 479 d‘o
265 416 322 479 boo
342 417 574 497 mortificatione
596 429 624 479 et
643 418 865 501 resurreetione
885 417 951 502 spi·
1017 498 1019 504 Α

304 502 413 579 rituales
433 502 582 585 sarmium
608 501 676 563 est?

123 601 157 668 S.
180 600 307 665 Paulus
330 600 371 663 ad
399 602 493 666 Rom.
516 602 554 676 6,
579 602 609 665 3.
631 601 660 667 4.
683 601 780 664 dicit:
821 600 950 688 Sepulti

74 690 137 753 itur
164 708 273 750 sumus
305 708 370 748 una
404 707 477 748 oum
507 683 635 750 Christo
667 708 725 771 per
754 686 951 773 baptismum

86 781 244 856 mortem,
273 784 309 835 ut
332 771 600 853 quemadmodum
622 770 770 835 Christus
792 773 949 836 exeitatus
1008 836 1012 841 .

74 870 81 923 t
113 881 133 921 a
153 855 286 921 mortuis
308 878 366 941 per
388 855 523 941 gloriam
549 854 672 931 Patris,
699 855 745 919 ita
768 868 800 920 et
827 880 885 921 nos
913 859 947 921 in
1053 921 1055 925 ,

74 943 178 1008 >vitare
198 941 281 1006 vitae
305 940 516 1005 ambulemus.

74 1108 344 1177 sonnacio
378 1107 605 1175 Barrisui
638 1107 746 1174 siva
780 1088 950 1177 raaso-

280 1194 355 1261 urs
378 1192 700 1261 BAPTISANDIS.

214 1350 264 1413 31.
313 1346 448 1426 Quinam
469 1360 540 1411 sunt
563 1347 764 1432 baptisandis?
809 1368 812 1375 '

120 1447 190 1514 Soli
212 1449 276 1512 vivi
294 1448 439 1512 homines
451 1473 460 1524 ;
489 1449 536 1511 illi
558 1448 643 1512 enim
663 1447 723 1511 soli
747 1449 773 1514 1.
790 1448 946 1530 jubentur

74 1532 203 1601 Christo
226 1533 397 1619 baptisari,
424 1534 538 1598 Matri.
559 1533 618 1608 28,
643 1534 699 1597 19:
743 1534 868 1596 Euntes
890 1535 948 1598 do-

74 1632 103 1684 te
126 1640 236 1682 omnes
282 1630 371 1682 entes
393 1616 552 1703 (homines
580 1616 725 1700 quosvis)
748 1618 947 1705 baptisantes

74 1727 89 1769 s
113 1713 171 1770 eto.
207 1704 237 1768 2.
253 1641 324 1767 illis
347 1703 424 1767 sblis
442 1701 594 1788 competit
615 1702 798 1788 promissio,
819 1702 893 1769 finis
915 1715 948 1769 et

74 1790 168 1854 ectus
189 1788 358 1872 baptismi,
384 1788 584 1872 regeneratio
608 1788 729 1851 seilicet
754 1801 787 1851 et
813 1810 948 1853 renova·

74 1904 89 1951 i,
110 1875 184 1939 Joa.
205 1875 236 1948 3,
258 1874 287 1938 5.
308 1872 347 1948 63
370 1874 438 1937 Act.
457 1874 487 1946 2,
511 1874 561 1938 39.
666 1915 674 1931 .

117 1959 148 2024 3.
188 1956 267 2021 Elos
296 1957 393 2031 etiam
420 1956 505 2021 solos
533 1957 671 2041 apostoli
699 1956 879 2042 baptisasse
901 1958 948 2022 le·

74 2054 163 2111 ntur.

103 2161 236 2229 (Errasti
252 2158 338 2230 igitur
352 2158 503 2228 pontificii,
521 2158 569 2229 qui
580 2157 669 2221 esiam
686 2175 837 2228 campanas
854 2160 946 2230 bapti·

74 2244 94 2285 'e
114 2228 205 2300 iisque
223 2229 268 2282 vel
294 2228 379 2297 hujus
396 2227 442 2282 vel
466 2227 541 2281 illius
567 2229 655 2281 saneti
676 2244 777 2282 nomen
803 2229 946 2299 imponere

74 2297 224 2370 perstitiose
245 2296 342 2351 solent.
377 2296 539 2364 Pontifical.
556 2298 638 2350 Rom.
657 2314 684 2367 p.
703 2302 760 2352 165.
779 2315 868 2368 usque
888 2306 946 2358 170.

74 2368 170 2421 mand.
190 2365 225 2419 de
243 2365 319 2421 ritib.
341 2365 437 2420 eccles.
457 2364 558 2421 cathol.
575 2365 593 2420 l.
617 2372 638 2420 1.
660 2383 684 2423 o.
702 2372 743 2421 22.
762 2371 785 2431 ξ.
801 2373 824 2421 6.
845 2385 872 2437 p.
888 2374 945 2423 140.

74 2434 140 2489 ιΙιίε
165 2451 287 2505 namque
310 2438 339 2488 et
362 2433 424 2487 aliis
443 2433 618 2502 baptisandis
637 2435 746 2489 nullum
767 2434 903 2490 habemus
923 2443 946 2493 1.

74 2505 203 2571 ndatum,
221 2509 244 2558 2.
263 2502 480 2572 promissionem,
500 2519 591 2573 neque
612 2509 635 2558 3.
654 2503 789 2575 applicari
807 2504 862 2557 illis
880 2523 945 2577 pos·

74 2579 99 2628 u
116 2589 163 2639 ea,
185 2588 257 2643 quae
278 2571 308 2624 in
328 2570 473 2641 baptismo
485 2571 639 2626 offeruntur
658 2577 687 2626 et
711 2572 879 2642 applicando
898 2574 946 2628 ob·

74 2646 185 2697 nantur.
225 2639 349 2711 Ideoque
368 2640 561 2709 superstitiosa
582 2640 652 2695 haec
672 2648 827 2696 commenta
844 2643 944 2697 merito

74 2710 191 2766 icienda
227 2707 292 2764 Vid.
314 2710 348 2763 de
365 2708 409 2761 his
438 2707 689 2781 Gloekenpredig't‚
716 2715 788 2780 part.
817 2715 838 2764 1.
856 2711 945 2768 conel.

74 2779 133 2851 gul.
151 2795 217 2849 pag.
237 2783 286 2832 iso
306 2794 383 2848 seqq.

74 2964 80 2980 .
125 2917 190 2982 Sed
209 2939 252 2979 aa
267 2917 442 3000 promissus
469 2916 567 3061 pppiqis
589 2915 723 2981 homines
749 2928 828 2979 suat.
842 2919 944 3003 bapti·

425 3023 484 3062 saa
507 3023 538 3061 r.

112 3091 200 3165 No'n.
235 3098 397 3168 Omnibus
421 3076 552 3185 quidem
572 3098 751 3185 baptismus
766 3110 817 3163 est
831 3122 944 3167 neees-

73 3182 146 3263 dus,
167 3187 243 3253 Jod.
262 3187 293 3262 3,
314 3187 344 3262 6,
367 3184 516 3250 omnibus
538 3184 633 3249 etiam
654 3209 674 3249 a
688 3185 761 3249 Deo
783 3206 946 3252 commen·
998 3182 1006 3197 ’

74 3280 135 3346 tus,
147 3272 247 3336 Marc.
261 3272 371 3349 16,15‚
386 3271 444 3335 sed
457 3284 563 3334 tamen
573 3293 639 3334 non
649 3292 760 3334 omnes
774 3283 945 3359 propterea

743 3378 770 3422 ss
