2250 3772
84 2742 92 2757 “
163 2749 199 2803 de
219 2746 301 2803 rebus
319 2746 427 2814 divinis,

169 112 243 176 160'
406 108 513 195 Caput
531 108 557 175 Ι.
601 109 654 174 De
676 110 840 195 decalogo.

167 279 215 336 die
234 277 380 333 siindliche
403 277 551 333 verderbte
567 278 659 334 Natur
682 278 733 332 der
750 278 908 333 Menschan
945 277 1105 335 Definitio

165 353 276 403 constat
295 363 398 427 genere
415 352 444 402 et
462 346 551 401 formu
570 347 628 402 sive
649 347 808 469 diilflprentia
818 345 959 418 specifica.
981 346 1102 403 Genu-

165 417 693 564 turrecrematae
710 421 1101 541 immittit&

165 572 236 609 eom.
254 553 289 608 de
306 559 413 634 peccat.
430 570 499 623 orig.
517 553 620 623 appelL
638 570 661 608 o.
677 560 700 610 1.
718 559 790 624 part.
804 559 826 609 1.
845 569 912 634 pag.
931 558 981 609 233
997 568 1090 626 seqq·-

165 623 332 678 Differentra
356 621 487 692 specifica
512 622 631 676 sumitur
658 628 680 676 1.
698 639 716 675 a
731 622 860 692 subjecto
881 620 1093 685 inhaerentiae,

166 692 224 746 sive
247 689 397 759 receptivo.
427 695 457 761 ι2.
475 689 504 743 Α
522 690 717 746 distributione
739 690 869 760 partium.
904 696 930 746 3.
948 690 976 745 Α
993 704 1091 747 cauta

165 767 328 831 procreante
345 758 509 830 propinqua.
543 766 566 814 4.
584 760 612 812 Α
630 759 713 813 modo
732 758 952 831 propagationis.
988 766 1011 815 5.
1024 758 1087 813 Ab

165 827 346 899 ejusdemque
363 827 481 882 ob'ecto.
510 834 535 883 6.
555 828 601 882 Ab
614 828 717 883 effectu
727 828 849 899 proprio.
878 826 1095 899 LSubjeetum·

164 896 273 969 peccati
290 896 381 967 origin
412 896 417 907 '
447 903 489 950 est
499 900 560 951 tota
572 902 673 950 natura
683 896 813 965 humana,
833 896 892 952 sive
904 902 981 951 totus
995 897 1087 953 hono

165 966 260 1021 anima
277 971 306 1019 et
323 981 450 1034 corpora,
475 982 539 1019 cum
563 965 692 1020 omnibus
717 965 824 1020 viribus
842 981 876 1019 ao
896 964 1085 1021 facultatibus
1121 970 1123 975 '

165 1034 341 1090 inferioribus
360 1040 388 1088 et
407 1033 603 1103 superioribus,
624 1041 725 1102 mente,
743 1034 835 1098 corde,
851 1033 1001 1115 voluntate²
1010 1048 1081 1089 m·

166 1103 305 1157 unalitate.
339 1103 452 1155 Errant
469 1102 555 1173 igitur
566 1102 716 1172 pontificii,
734 1103 783 1184 qui
798 1106 947 1173 peceatum
963 1100 1084 1184 originis

165 1172 305 1226 maculam
328 1175 438 1224 tantum
463 1188 523 1225 esse
547 1171 718 1225 contendunt
736 1189 766 1225 1n
792 1188 907 1240 corpore
923 1176 953 1226 et
969 1182 1081 1225 ammae

164 1239 1078 1375 t‘tttittssttttuettttadritdtitumtffi:

166 1394 251 1449 quam
269 1377 317 1429 alii
339 1347 376 1430 ’ab
401 1376 461 1430 aliis
485 1349 619 1432 hic’mire
643 1377 812 1447 discrepent:
837 1377 871 1432 de
892 1376 992 1448 quibus
1007 1374 1079 1430 vide
1120 1374 1123 1379 '

168 1444 902 1570 ttttttttittttddtttttitt·t·
920 1452 1076 1569 i'ii‘ml

165 1583 235 1638 catis
253 1553 417 1651 concipitur,
435 1584 485 1638 Pa.
500 1586 544 1650 ol,
562 1588 584 1651 7,
604 1598 682 1636 mens
700 1554 729 1636 e’t
746 1553 908 1637 intellectus,
917 1555 973 1637 ndn
982 1526 1077 1659 ppgt

165 1651 333 1722 intelligere,
355 1667 426 1722 quae
445 1655 512 1704 sunt
529 1650 642 1722 spiritus
661 1650 729 1718 Dei,
748 1657 773 1705 1.
793 1650 856 1708 Cor.
872 1657 905 1714 2,
924 1656 959 1705 11
984 1648 1076 1705 cord1⁰

164 1720 329 1792 figmentum
351 1737 469 1789 pravum
491 1726 534 1774 est
557 1736 574 1773 a
596 1719 730 1789 pueritia,
759 1719 828 1773 Gen.
849 1722 875 1788 6,
896 1725 923 1774 6.
959 1691 1074 1775 honum,

166 1789 240 1860 quod
260 1788 332 1854 volo,
352 1805 408 1842 non
424 1788 505 1852 facio,
523 1790 604 1842 Rom.
622 1792 702 1855 7,19.
741 1787 868 1843 Membra
885 1793 981 1843 nostra
994 1798 1075 1870 prae·

164 1860 261 1915 bemus
280 1874 357 1911 arma
375 1857 539 1928 injustitiae,
557 1859 639 1910 Rom.
659 1860 684 1921 6,
702 1860 747 1910 13.
777 1855 870 1911 Illatio
887 1857 934 1911 hic
951 1855 1075 1930 leptim!

163 1933 207 1983 est
226 1944 244 1981 a
261 1931 320 1980 toto
336 1926 373 1979 ad
392 1932 499 1995 partes,
530 1931 558 1980 et
576 1931 680 1979 contra.
716 1925 800 1980 Patet
818 1924 847 1978 id
864 1925 978 1996 insuper
996 1931 1017 1981 1.
1030 1916 1073 1977 ab

164 1995 286 2066 imagine
309 1994 459 2064 primaeva.
496 1999 521 2050 2.
542 1993 588 2047 Ab
610 1992 729 2048 hominis
752 1993 977 2065 regeneratione,
1018 2000 1073 2047 rw

164 2064 294 2133 utrinque
320 2068 348 2116 et
374 2061 460 2116 menti
477 2067 505 2116 et
522 2064 630 2117 animae
652 2067 681 2117 et
698 2062 807 2132 corpori
824 2062 964 2117 tribuitur.
998 2010 1073 2133 drgo

164 2139 289 2187 enatura
297 2130 497 2183 contrariorum
506 2135 535 2184 et
543 2131 682 2199 corruptio
690 2130 789 2184 iisdem
797 2130 945 2186 tribuetur.
963 2130 1072 2186 H.Par‘
1120 2176 1123 2191 ,

164 2207 207 2254 tes
225 2198 368 2268 pravitatis
385 2198 526 2278 originalis
547 2200 619 2253 duae
639 2205 717 2253 sunt:
740 2205 761 2254 1.
774 2204 817 2253 est
834 2199 977 2270 originalis
995 2194 1074 2271 justi·
1121 2200 1123 2233 ³

164 2269 221 2324 tiae
240 2272 269 2321 et
287 2266 455 2336 integritatls
479 2271 562 2337 (quae
587 2274 646 2322 erat
666 2267 791 2338 perfecta
814 2285 878 2322 cum
898 2268 992 2324 divina
1120 2296 1123 2307 ·

165 2334 351 2404 conformitas,
371 2340 518 2389 concreata
536 2337 657 2390 omnium
677 2336 789 2391 animae
805 2336 906 2390 virium
929 2339 1026 2393 rectitu
1041 2350 1072 2397 cs

164 2410 262 2486 utpote
281 2404 311 2457 in
327 2408 420 2457 mente
438 2404 493 2472 lux,
511 2404 541 2457 in
559 2405 642 2461 corde
653 2405 770 2474 puritas,
789 2404 818 2458 in
835 2405 980 2462 voluntate
998 2405 1074 2461 obss-

184 2492 261 2528 urum
279 2479 308 2526 et
323 2472 440 2542 aequale
455 2474 577 2543 corporis
595 2479 653 2527 tem
674 2477 855 2541 eramentum)
876 2474 1011 2545 privatio,
1024 2472 1072 2527 da‘

162 2492 253 2598 dectus
271 2541 328 2595 sive
348 2541 479 2596 carentia.
508 2548 532 2596 2.
543 2542 590 2596 Ad
602 2561 629 2595 m
659 2559 706 2596 um
723 2541 857 2612 pronitas,
875 2544 1072 2614 concupiscu-

163 2611 204 2665 tia
222 2615 250 2665 et
267 2609 410 2663 inclinatio
427 2627 516 2679 prava
532 2610 569 2664 ad
586 2610 745 2665 faciendum
760 2610 853 2665 omnia
867 2627 908 2677 ea,
927 2628 999 2682 quac
1010 2608 1073 2665 suuss

164 2684 261 2735 eontra
282 2679 374 2749 legem
393 2678 446 2733 Dei
446 2719 464 2799 ἆ
490 2684 523 2759 ut
546 2686 612 2760 sunt
635 2679 726 2750 caligo
746 2679 776 2733 in
792 2686 897 2748 mente,
917 2676 1069 2763 ignorandi!

163 2818 271 2871 luntate
293 2821 322 2870 et
346 2815 428 2869 corde
447 2747 590 2870 apprrpiapp
603 2747 1072 2885 pepepprihcgpffipfflerpppa

163 2884 338 2940 contumacia
348 2883 480 2938 adversus
495 2885 593 2953 Deum,
616 2885 684 2940 Gen.
698 2890 721 2953 8,
734 2889 771 2938 21
777 2906 790 2950 ,·
804 2887 888 2943 Rom.
905 2890 929 2956 7,
940 2890 987 2955 23,
1003 2892 1071 2957 quw

164 2954 302 3008 inlocum
320 2953 437 3007 amissae
452 2953 580 3023 justitiae
590 2970 756 3010 successere.
784 2956 897 3009 Errant
910 2955 996 3028 igitur
1002 2967 1071 3025 pot·

162 3023 252 3090 ta'Jicia‘,
271 3021 319 3092 qui
336 3025 483 3091 peccatum
500 3021 614 3102 originis
627 3040 732 3078 meram
746 3039 806 3077 esse
844 3024 1004 3080 rivationem
1013 3020 1072 3075 ove

163 3090 330 3160 privativam
345 3088 472 3160 justitiae
490 3091 632 3161 originalis
651 3092 804 3146 carentiam
817 3042 860 3145 dis
882 3098 969 3161 utant,
987 3092 1074 3159 inpo-

162 3159 244 3213 sitiva
252 3177 317 3215 vero
328 3158 464 3230 qualitate
472 3175 560 3228 prava
568 3160 718 3215 consistere
727 3166 841 3231 negant.
881 3162 1075 3217 ideBdlurm·
