<?xml version="1.0" encoding="UTF-8"?>
<!DOCTYPE html PUBLIC "-//W3C//DTD XHTML 1.0 Transitional//EN"
    "http://www.w3.org/TR/xhtml1/DTD/xhtml1-transitional.dtd">
<html xmlns="http://www.w3.org/1999/xhtml" xml:lang="en" lang="en">
 <head>
  <title>
</title>
<meta http-equiv="Content-Type" content="text/html;charset=utf-8" />
  <meta name='ocr-system' content='tesseract 3.04.00' />
  <meta name='ocr-capabilities' content='ocr_page ocr_carea ocr_par ocr_line ocrx_word'/>
</head>
<body>
  <div class='ocr_page' id='page_1' title='image "./dconradidieteri00dietgoog_0305.png"; bbox 0 0 2250 3772; ppageno 0'>
   <div class='ocr_carea' id='block_1_1' title="bbox 109 242 882 330">
    <p class='ocr_par' dir='ltr' id='par_1_1' title="bbox 109 242 882 330">
     <span class='ocr_line' id='line_1_1' title="bbox 109 242 882 330; baseline 0.004 -23"><span class='ocrx_word' id='word_1_1' title='bbox 109 242 174 308; x_wconf 73' lang='lat'>272</span> <span class='ocrx_word' id='word_1_2' title='bbox 235 242 345 329; x_wconf 85' lang='lat' dir='ltr'>Caput</span> <span class='ocrx_word' id='word_1_3' title='bbox 365 242 408 306; x_wconf 91' lang='grc' dir='ltr'>Π.</span> <span class='ocrx_word' id='word_1_4' title='bbox 452 242 504 307; x_wconf 90' lang='lat' dir='ltr'>De</span> <span class='ocrx_word' id='word_1_5' title='bbox 526 243 674 329; x_wconf 90' lang='lat' dir='ltr'>symbolo</span> <span class='ocrx_word' id='word_1_6' title='bbox 695 242 882 330; x_wconf 86' lang='lat' dir='ltr'>apostolioo.</span> 
     </span>
    </p>
   </div>
   <div class='ocr_carea' id='block_1_2' title="bbox 110 410 976 535">
    <p class='ocr_par' dir='ltr' id='par_1_2' title="bbox 110 410 976 535">
     <span class='ocr_line' id='line_1_2' title="bbox 110 410 976 535; baseline -0.002 -69"><span class='ocrx_word' id='word_1_7' title='bbox 110 428 223 466; x_wconf 72' lang='lat' dir='ltr'>earnem</span> <span class='ocrx_word' id='word_1_8' title='bbox 241 414 394 466; x_wconf 76' lang='lat' dir='ltr'>secondom</span> <span class='ocrx_word' id='word_1_9' title='bbox 410 411 581 482; x_wconf 79' lang='lat' dir='ltr'>ineffabilem</span> <span class='ocrx_word' id='word_1_10' title='bbox 598 410 976 535; x_wconf 37' lang='lat' dir='ltr'>mammeam&amp;</span> 
     </span>
    </p>
   </div>
   <div class='ocr_carea' id='block_1_3' title="bbox 105 478 976 2541">
    <p class='ocr_par' dir='ltr' id='par_1_3' title="bbox 105 478 976 2541">
     <span class='ocr_line' id='line_1_3' title="bbox 110 478 780 603; baseline 0.004 -69"><span class='ocrx_word' id='word_1_11' title='bbox 110 489 152 534; x_wconf 80' lang='lat' dir='ltr'>est</span> <span class='ocrx_word' id='word_1_12' title='bbox 170 499 247 550; x_wconf 76' lang='lat' dir='ltr'>eor-o,</span> <span class='ocrx_word' id='word_1_13' title='bbox 270 480 416 550; x_wconf 70' lang='lat' dir='ltr'>Theophil.</span> <span class='ocrx_word' id='word_1_14' title='bbox 434 480 464 534; x_wconf 90' lang='lat' dir='ltr'>in</span> <span class='ocrx_word' id='word_1_15' title='bbox 480 485 582 603; x_wconf 49' lang='lat' dir='ltr'>eam.</span> <span class='ocrx_word' id='word_1_16' title='bbox 599 478 664 534; x_wconf 84' lang='lat' dir='ltr'>Joh.</span> <span class='ocrx_word' id='word_1_17' title='bbox 682 498 710 550; x_wconf 89' lang='lat' dir='ltr'>p.</span> <span class='ocrx_word' id='word_1_18' title='bbox 731 486 780 537; x_wconf 78' lang='lat'>170</span> 
     </span>
     <span class='ocr_line' id='line_1_4' title="bbox 110 546 976 672; baseline 0.001 -69"><span class='ocrx_word' id='word_1_19' title='bbox 110 549 244 672; x_wconf 50' lang='lat' dir='ltr'>ffpm·</span> <span class='ocrx_word' id='word_1_20' title='bbox 262 549 403 605; x_wconf 87' lang='lat' dir='ltr'>sitionem:</span> <span class='ocrx_word' id='word_1_21' title='bbox 422 548 520 630; x_wconf 69' lang='lat' dir='ltr'>earet</span> <span class='ocrx_word' id='word_1_22' title='bbox 555 548 661 630; x_wconf 77' lang='lat' dir='ltr'>‘tiest</span> <span class='ocrx_word' id='word_1_23' title='bbox 677 546 798 630; x_wconf 63' lang='lat' dir='ltr'>viriliea,</span> <span class='ocrx_word' id='word_1_24' title='bbox 818 565 870 621; x_wconf 91' lang='lat' dir='ltr'>per</span> <span class='ocrx_word' id='word_1_25' title='bbox 885 547 976 604; x_wconf 77' lang='lat' dir='ltr'>sllasos</span> 
     </span>
     <span class='ocr_line' id='line_1_5' title="bbox 108 614 976 758; baseline 0 -17"><span class='ocrx_word' id='word_1_26' title='bbox 108 625 428 755; x_wconf 50' lang='lat' dir='ltr'>inseiisfflroffit</span> <span class='ocrx_word' id='word_1_27' title='bbox 445 614 976 758; x_wconf 48' lang='grc' dir='ltr'><strong>1111111111ηὲωῆῗῇγὲἓῖῗώἔὲιέ</strong></span> 
     </span>
     <span class='ocr_line' id='line_1_6' title="bbox 111 755 976 825; baseline 0 -14"><span class='ocrx_word' id='word_1_28' title='bbox 111 756 225 811; x_wconf 76' lang='lat' dir='ltr'>Sodroi.</span> <span class='ocrx_word' id='word_1_29' title='bbox 254 755 289 811; x_wconf 90' lang='lat' dir='ltr'>de</span> <span class='ocrx_word' id='word_1_30' title='bbox 311 757 390 815; x_wconf 84' lang='lat' dir='ltr'>verit</span> <span class='ocrx_word' id='word_1_31' title='bbox 416 756 489 812; x_wconf 87' lang='lat' dir='ltr'>hum.</span> <span class='ocrx_word' id='word_1_32' title='bbox 507 762 563 810; x_wconf 89' lang='lat' dir='ltr'>nat.</span> <span class='ocrx_word' id='word_1_33' title='bbox 592 772 615 810; x_wconf 87' lang='lat' dir='ltr'>o.</span> <span class='ocrx_word' id='word_1_34' title='bbox 635 760 660 810; x_wconf 84' lang='grc'>3.</span> <span class='ocrx_word' id='word_1_35' title='bbox 683 772 712 825; x_wconf 88' lang='lat' dir='ltr'>p.</span> <span class='ocrx_word' id='word_1_36' title='bbox 731 761 789 810; x_wconf 77' lang='lat' dir='ltr'>lto.</span> <span class='ocrx_word' id='word_1_37' title='bbox 813 772 839 811; x_wconf 84' lang='lat' dir='ltr'>e.</span> <span class='ocrx_word' id='word_1_38' title='bbox 858 761 882 812; x_wconf 83' lang='grc'>6.</span> <span class='ocrx_word' id='word_1_39' title='bbox 951 758 976 811; x_wconf 87' lang='grc'>11</span> 
     </span>
     <span class='ocr_line' id='line_1_7' title="bbox 108 772 976 905; baseline 0 -26"><span class='ocrx_word' id='word_1_40' title='bbox 108 824 245 905; x_wconf 77' lang='lat' dir='ltr'>Allaeosis</span> <span class='ocrx_word' id='word_1_41' title='bbox 263 824 332 880; x_wconf 86' lang='lat' dir='ltr'>haeo</span> <span class='ocrx_word' id='word_1_42' title='bbox 355 830 376 880; x_wconf 90' lang='lat'>1.</span> <span class='ocrx_word' id='word_1_43' title='bbox 394 825 500 878; x_wconf 86' lang='lat' dir='ltr'><strong>dudum</strong></span> <span class='ocrx_word' id='word_1_44' title='bbox 519 824 630 895; x_wconf 88' lang='lat' dir='ltr'>explosa</span> <span class='ocrx_word' id='word_1_45' title='bbox 648 831 698 881; x_wconf 88' lang='lat' dir='ltr'>est.</span> <span class='ocrx_word' id='word_1_46' title='bbox 730 828 755 879; x_wconf 83' lang='lat'>2.</span> <span class='ocrx_word' id='word_1_47' title='bbox 767 820 855 879; x_wconf 81' lang='lat' dir='ltr'>Aliud</span> <span class='ocrx_word' id='word_1_48' title='bbox 872 772 976 895; x_wconf 57' lang='lat' dir='ltr'>erius</span> 
     </span>
     <span class='ocr_line' id='line_1_8' title="bbox 109 891 976 964; baseline -0.005 -15"><span class='ocrx_word' id='word_1_49' title='bbox 109 910 170 949; x_wconf 85' lang='lat' dir='ltr'>esse</span> <span class='ocrx_word' id='word_1_50' title='bbox 187 892 335 963; x_wconf 79' lang='lat' dir='ltr'>vmfieum,</span> <span class='ocrx_word' id='word_1_51' title='bbox 354 910 453 963; x_wconf 82' lang='lat' dir='ltr'>nempe</span> <span class='ocrx_word' id='word_1_52' title='bbox 470 909 520 964; x_wconf 87' lang='lat' dir='ltr'>per</span> <span class='ocrx_word' id='word_1_53' title='bbox 537 911 576 958; x_wconf 88' lang='lat' dir='ltr'>se,</span> <span class='ocrx_word' id='word_1_54' title='bbox 592 898 656 948; x_wconf 87' lang='lat' dir='ltr'>ante</span> <span class='ocrx_word' id='word_1_55' title='bbox 675 892 901 955; x_wconf 76' lang='lat' dir='ltr'>incarnationem,</span> <span class='ocrx_word' id='word_1_56' title='bbox 917 891 976 949; x_wconf 82' lang='lat' dir='ltr'>abs</span> 
     </span>
     <span class='ocr_line' id='line_1_9' title="bbox 107 960 976 1033; baseline 0 -16"><span class='ocrx_word' id='word_1_57' title='bbox 107 967 196 1030; x_wconf 85' lang='lat' dir='ltr'>terno,</span> <span class='ocrx_word' id='word_1_58' title='bbox 226 962 417 1031; x_wconf 75' lang='lat' dir='ltr'>essentialiter,</span> <span class='ocrx_word' id='word_1_59' title='bbox 445 962 511 1033; x_wconf 85' lang='lat' dir='ltr'>quie</span> <span class='ocrx_word' id='word_1_60' title='bbox 539 967 582 1017; x_wconf 81' lang='lat' dir='ltr'>est</span> <span class='ocrx_word' id='word_1_61' title='bbox 608 960 670 1032; x_wconf 83' lang='lat' dir='ltr'>ipsa</span> <span class='ocrx_word' id='word_1_62' title='bbox 695 961 768 1029; x_wconf 79' lang='lat' dir='ltr'>vita3</span> <span class='ocrx_word' id='word_1_63' title='bbox 802 960 880 1017; x_wconf 82' lang='lat' dir='ltr'>eliud</span> <span class='ocrx_word' id='word_1_64' title='bbox 905 976 976 1017; x_wconf 66' lang='lat' dir='ltr'>mm</span> 
     </span>
     <span class='ocr_line' id='line_1_10' title="bbox 109 1029 976 1112; baseline 0 -25"><span class='ocrx_word' id='word_1_65' title='bbox 109 1029 212 1087; x_wconf 77' lang='lat' dir='ltr'>Christi</span> <span class='ocrx_word' id='word_1_66' title='bbox 233 1047 294 1086; x_wconf 87' lang='lat' dir='ltr'>esse</span> <span class='ocrx_word' id='word_1_67' title='bbox 307 1031 454 1097; x_wconf 82' lang='lat' dir='ltr'>vivificam,</span> <span class='ocrx_word' id='word_1_68' title='bbox 471 1048 570 1101; x_wconf 87' lang='lat' dir='ltr'>nempe</span> <span class='ocrx_word' id='word_1_69' title='bbox 587 1048 638 1101; x_wconf 88' lang='lat' dir='ltr'>per</span> <span class='ocrx_word' id='word_1_70' title='bbox 650 1036 679 1085; x_wconf 92' lang='lat' dir='ltr'>et</span> <span class='ocrx_word' id='word_1_71' title='bbox 689 1035 803 1112; x_wconf 88' lang='lat' dir='ltr'>propter</span> <span class='ocrx_word' id='word_1_72' title='bbox 813 1030 976 1101; x_wconf 73' lang='lat' dir='ltr'>unionenp</span> 
     </span>
     <span class='ocr_line' id='line_1_11' title="bbox 108 1096 976 1171; baseline 0.001 -18"><span class='ocrx_word' id='word_1_73' title='bbox 108 1099 238 1168; x_wconf 85' lang='lat' dir='ltr'>sonalem,</span> <span class='ocrx_word' id='word_1_74' title='bbox 257 1100 323 1171; x_wconf 86' lang='lat' dir='ltr'>quia</span> <span class='ocrx_word' id='word_1_75' title='bbox 340 1117 402 1153; x_wconf 81' lang='lat' dir='ltr'>oum</span> <span class='ocrx_word' id='word_1_76' title='bbox 418 1100 576 1166; x_wconf 76' lang='lat' dir='ltr'>vivificante</span> <span class='ocrx_word' id='word_1_77' title='bbox 594 1099 667 1170; x_wconf 81' lang='grc' dir='ltr'>λόγῳ</span> <span class='ocrx_word' id='word_1_78' title='bbox 687 1106 841 1168; x_wconf 68' lang='lat' dir='ltr'>commta</span> <span class='ocrx_word' id='word_1_79' title='bbox 858 1107 899 1154; x_wconf 81' lang='lat' dir='ltr'>ost</span> <span class='ocrx_word' id='word_1_80' title='bbox 925 1096 976 1167; x_wconf 61' lang='grc'><strong>0111</strong></span> 
     </span>
     <span class='ocr_line' id='line_1_12' title="bbox 107 1167 976 1240; baseline 0 -17"><span class='ocrx_word' id='word_1_81' title='bbox 107 1169 153 1223; x_wconf 80' lang='lat' dir='ltr'>loe</span> <span class='ocrx_word' id='word_1_82' title='bbox 171 1169 190 1222; x_wconf 92' lang='grc'><strong>1.</strong></span> <span class='ocrx_word' id='word_1_83' title='bbox 209 1176 232 1224; x_wconf 83' lang='grc'>4.</span> <span class='ocrx_word' id='word_1_84' title='bbox 251 1169 281 1222; x_wconf 92' lang='lat' dir='ltr'>in</span> <span class='ocrx_word' id='word_1_85' title='bbox 299 1168 363 1224; x_wconf 84' lang='lat' dir='ltr'>Joh.</span> <span class='ocrx_word' id='word_1_86' title='bbox 382 1186 406 1234; x_wconf 80' lang='lat' dir='ltr'>o.</span> <span class='ocrx_word' id='word_1_87' title='bbox 431 1176 470 1223; x_wconf 82' lang='lat'>14.</span> <span class='ocrx_word' id='word_1_88' title='bbox 488 1175 507 1223; x_wconf 92' lang='lat' dir='ltr'>t.</span> <span class='ocrx_word' id='word_1_89' title='bbox 523 1175 544 1224; x_wconf 96' lang='grc'><strong>1.</strong></span> <span class='ocrx_word' id='word_1_90' title='bbox 563 1168 615 1224; x_wconf 85' lang='lat' dir='ltr'>ool.</span> <span class='ocrx_word' id='word_1_91' title='bbox 630 1167 736 1224; x_wconf 84' lang='grc' dir='ltr'><strong>201.Β.</strong></span> <span class='ocrx_word' id='word_1_92' title='bbox 756 1168 801 1223; x_wconf 89' lang='lat' dir='ltr'>De</span> <span class='ocrx_word' id='word_1_93' title='bbox 818 1184 876 1240; x_wconf 81' lang='lat' dir='ltr'>qao</span> <span class='ocrx_word' id='word_1_94' title='bbox 914 1168 976 1237; x_wconf 73' lang='lat' dir='ltr'>&#39;ops</span> 
     </span>
     <span class='ocr_line' id='line_1_13' title="bbox 127 1237 976 1306; baseline 0 -15"><span class='ocrx_word' id='word_1_95' title='bbox 127 1238 167 1292; x_wconf 89' lang='lat' dir='ltr'>rie</span> <span class='ocrx_word' id='word_1_96' title='bbox 214 1238 320 1293; x_wconf 86' lang='lat' dir='ltr'>uaestio</span> <span class='ocrx_word' id='word_1_97' title='bbox 347 1243 402 1302; x_wconf 87' lang='lat' dir='ltr'>est,</span> <span class='ocrx_word' id='word_1_98' title='bbox 435 1255 539 1306; x_wconf 78' lang='lat' dir='ltr'>corpor</span> <span class='ocrx_word' id='word_1_99' title='bbox 564 1237 685 1291; x_wconf 78' lang='lat' dir='ltr'>Domini</span> <span class='ocrx_word' id='word_1_100' title='bbox 708 1254 841 1290; x_wconf 82' lang='lat' dir='ltr'>oooemas</span> <span class='ocrx_word' id='word_1_101' title='bbox 870 1237 976 1305; x_wconf 69' lang='lat' dir='ltr'>vivifiea</span> 
     </span>
     <span class='ocr_line' id='line_1_14' title="bbox 152 1303 976 1377; baseline -0.002 -16"><span class='ocrx_word' id='word_1_102' title='bbox 152 1323 204 1377; x_wconf 90' lang='lat' dir='ltr'>eop</span> <span class='ocrx_word' id='word_1_103' title='bbox 224 1306 251 1359; x_wconf 87' lang='lat' dir='ltr'>il.</span> <span class='ocrx_word' id='word_1_104' title='bbox 269 1307 298 1359; x_wconf 89' lang='lat' dir='ltr'>in</span> <span class='ocrx_word' id='word_1_105' title='bbox 316 1306 385 1360; x_wconf 77' lang='lat' dir='ltr'>Lao</span> <span class='ocrx_word' id='word_1_106' title='bbox 405 1323 428 1360; x_wconf 85' lang='lat' dir='ltr'>e.</span> <span class='ocrx_word' id='word_1_107' title='bbox 442 1313 464 1360; x_wconf 84' lang='lat'>7.</span> <span class='ocrx_word' id='word_1_108' title='bbox 483 1323 510 1376; x_wconf 90' lang='lat' dir='ltr'>p.</span> <span class='ocrx_word' id='word_1_109' title='bbox 524 1311 566 1362; x_wconf 81' lang='lat'>92.</span> <span class='ocrx_word' id='word_1_110' title='bbox 577 1306 610 1363; x_wconf 91' lang='lat' dir='ltr'>B.</span> <span class='ocrx_word' id='word_1_111' title='bbox 647 1307 760 1359; x_wconf 68' lang='lat' dir='ltr'>Errant</span> <span class='ocrx_word' id='word_1_112' title='bbox 778 1310 802 1361; x_wconf 86' lang='lat'>3.</span> <span class='ocrx_word' id='word_1_113' title='bbox 822 1303 976 1377; x_wconf 76' lang='lat' dir='ltr'>quisiviliss</span> 
     </span>
     <span class='ocr_line' id='line_1_15' title="bbox 107 1373 976 1443; baseline -0.002 -13"><span class='ocrx_word' id='word_1_114' title='bbox 107 1381 234 1431; x_wconf 68' lang='lat' dir='ltr'>asserum</span> <span class='ocrx_word' id='word_1_115' title='bbox 251 1382 359 1430; x_wconf 87' lang='lat' dir='ltr'>tantum</span> <span class='ocrx_word' id='word_1_116' title='bbox 376 1374 483 1430; x_wconf 88' lang='lat' dir='ltr'>ratione</span> <span class='ocrx_word' id='word_1_117' title='bbox 509 1375 599 1429; x_wconf 85' lang='lat' dir='ltr'>meriti</span> <span class='ocrx_word' id='word_1_118' title='bbox 622 1380 650 1430; x_wconf 89' lang='lat' dir='ltr'>et</span> <span class='ocrx_word' id='word_1_119' title='bbox 667 1373 772 1443; x_wconf 85' lang='lat' dir='ltr'>mortis,</span> <span class='ocrx_word' id='word_1_120' title='bbox 790 1376 895 1428; x_wconf 74' lang='lat' dir='ltr'>Nasam.</span> <span class='ocrx_word' id='word_1_121' title='bbox 919 1386 976 1428; x_wconf 75' lang='lat' dir='ltr'>assa</span> 
     </span>
     <span class='ocr_line' id='line_1_16' title="bbox 106 1440 976 1515; baseline -0.002 -16"><span class='ocrx_word' id='word_1_122' title='bbox 106 1462 135 1515; x_wconf 80' lang='lat' dir='ltr'>p.</span> <span class='ocrx_word' id='word_1_123' title='bbox 143 1450 184 1500; x_wconf 82' lang='grc'><strong>18.</strong></span> <span class='ocrx_word' id='word_1_124' title='bbox 203 1443 284 1508; x_wconf 83' lang='lat' dir='ltr'>Quod</span> <span class='ocrx_word' id='word_1_125' title='bbox 292 1443 486 1499; x_wconf 88' lang='lat' dir='ltr'>absurdissime</span> <span class='ocrx_word' id='word_1_126' title='bbox 494 1443 602 1512; x_wconf 84' lang='lat' dir='ltr'>dicitur,</span> <span class='ocrx_word' id='word_1_127' title='bbox 612 1460 675 1498; x_wconf 84' lang='lat' dir='ltr'>oum</span> <span class='ocrx_word' id='word_1_128' title='bbox 684 1442 743 1498; x_wconf 91' lang='lat' dir='ltr'>sine</span> <span class='ocrx_word' id='word_1_129' title='bbox 751 1440 976 1499; x_wconf 74' lang='lat' dir='ltr'>virtutevivilitat</span> 
     </span>
     <span class='ocr_line' id='line_1_17' title="bbox 108 1504 976 1582; baseline -0.006 -15"><span class='ocrx_word' id='word_1_130' title='bbox 108 1512 236 1569; x_wconf 88' lang='lat' dir='ltr'>meritum</span> <span class='ocrx_word' id='word_1_131' title='bbox 248 1513 303 1567; x_wconf 84' lang='lat' dir='ltr'>diei</span> <span class='ocrx_word' id='word_1_132' title='bbox 313 1513 359 1568; x_wconf 84' lang='lat' dir='ltr'>vel</span> <span class='ocrx_word' id='word_1_133' title='bbox 373 1529 432 1568; x_wconf 87' lang='lat' dir='ltr'>esse</span> <span class='ocrx_word' id='word_1_134' title='bbox 442 1512 583 1567; x_wconf 81' lang='lat' dir='ltr'>vivificum</span> <span class='ocrx_word' id='word_1_135' title='bbox 592 1529 647 1566; x_wconf 91' lang='lat' dir='ltr'>non</span> <span class='ocrx_word' id='word_1_136' title='bbox 656 1511 751 1582; x_wconf 82' lang='lat' dir='ltr'>possit,</span> <span class='ocrx_word' id='word_1_137' title='bbox 789 1512 838 1567; x_wconf 88' lang='lat' dir='ltr'>uia</span> <span class='ocrx_word' id='word_1_138' title='bbox 852 1512 921 1567; x_wconf 87' lang='lat' dir='ltr'>nihil</span> <span class='ocrx_word' id='word_1_139' title='bbox 932 1504 976 1565; x_wconf 59' lang='lat' dir='ltr'>sal</span> 
     </span>
     <span class='ocr_line' id='line_1_18' title="bbox 107 1576 976 1651; baseline -0.002 -14"><span class='ocrx_word' id='word_1_140' title='bbox 107 1582 224 1651; x_wconf 78' lang='lat' dir='ltr'>effectu,</span> <span class='ocrx_word' id='word_1_141' title='bbox 263 1582 319 1635; x_wconf 89' lang='lat' dir='ltr'>uod</span> <span class='ocrx_word' id='word_1_142' title='bbox 340 1599 396 1636; x_wconf 92' lang='lat' dir='ltr'>non</span> <span class='ocrx_word' id='word_1_143' title='bbox 414 1582 498 1635; x_wconf 88' lang='lat' dir='ltr'>sitin</span> <span class='ocrx_word' id='word_1_144' title='bbox 515 1581 617 1635; x_wconf 85' lang='lat' dir='ltr'>virtute</span> <span class='ocrx_word' id='word_1_145' title='bbox 636 1597 745 1635; x_wconf 86' lang='lat' dir='ltr'>causae.</span> <span class='ocrx_word' id='word_1_146' title='bbox 804 1581 882 1635; x_wconf 86' lang='lat' dir='ltr'>tvel</span> <span class='ocrx_word' id='word_1_147' title='bbox 900 1576 976 1635; x_wconf 77' lang='lat' dir='ltr'>maxi!</span> 
     </span>
     <span class='ocr_line' id='line_1_19' title="bbox 106 1644 976 1721; baseline -0.003 -15"><span class='ocrx_word' id='word_1_148' title='bbox 106 1651 238 1706; x_wconf 85' lang='lat' dir='ltr'>rationes</span> <span class='ocrx_word' id='word_1_149' title='bbox 271 1651 373 1720; x_wconf 81' lang='lat' dir='ltr'>casiae,</span> <span class='ocrx_word' id='word_1_150' title='bbox 386 1650 553 1720; x_wconf 85' lang='lat' dir='ltr'>operationis</span> <span class='ocrx_word' id='word_1_151' title='bbox 563 1654 592 1703; x_wconf 91' lang='lat' dir='ltr'>et</span> <span class='ocrx_word' id='word_1_152' title='bbox 605 1648 799 1721; x_wconf 78' lang='lat' dir='ltr'>applicationis</span> <span class='ocrx_word' id='word_1_153' title='bbox 809 1648 885 1705; x_wconf 81' lang='lat' dir='ltr'>vitae</span> <span class='ocrx_word' id='word_1_154' title='bbox 893 1649 923 1703; x_wconf 90' lang='lat' dir='ltr'>in</span> <span class='ocrx_word' id='word_1_155' title='bbox 933 1644 976 1703; x_wconf 77' lang='lat' dir='ltr'>nol</span> 
     </span>
     <span class='ocr_line' id='line_1_20' title="bbox 106 1714 976 1791; baseline -0.009 -16"><span class='ocrx_word' id='word_1_156' title='bbox 106 1719 376 1791; x_wconf 71' lang='lat' dir='ltr'>spintuslisvivifiea</span> <span class='ocrx_word' id='word_1_157' title='bbox 386 1726 435 1775; x_wconf 90' lang='lat' dir='ltr'>est.</span> <span class='ocrx_word' id='word_1_158' title='bbox 452 1718 612 1774; x_wconf 76' lang='lat' dir='ltr'>sanctificat</span> <span class='ocrx_word' id='word_1_159' title='bbox 620 1718 693 1774; x_wconf 90' lang='lat' dir='ltr'>enim</span> <span class='ocrx_word' id='word_1_160' title='bbox 701 1735 760 1787; x_wconf 83' lang='lat' dir='ltr'>nos,</span> <span class='ocrx_word' id='word_1_161' title='bbox 771 1714 976 1785; x_wconf 76' lang='lat' dir='ltr'>Hrsr.1s‚1s,l</span> 
     </span>
     <span class='ocr_line' id='line_1_21' title="bbox 105 1787 976 1859; baseline 0.001 -17"><span class='ocrx_word' id='word_1_162' title='bbox 105 1795 161 1857; x_wconf 85' lang='lat' dir='ltr'>vat,</span> <span class='ocrx_word' id='word_1_163' title='bbox 173 1792 264 1859; x_wconf 81' lang='lat' dir='ltr'>Apoo.</span> <span class='ocrx_word' id='word_1_164' title='bbox 280 1795 303 1854; x_wconf 86' lang='grc'><strong>1,</strong></span> <span class='ocrx_word' id='word_1_165' title='bbox 318 1793 343 1858; x_wconf 78' lang='lat'>5,</span> <span class='ocrx_word' id='word_1_166' title='bbox 356 1789 496 1857; x_wconf 87' lang='lat' dir='ltr'>emundat,</span> <span class='ocrx_word' id='word_1_167' title='bbox 513 1792 537 1841; x_wconf 91' lang='lat'>1.</span> <span class='ocrx_word' id='word_1_168' title='bbox 549 1788 616 1845; x_wconf 74' lang='lat' dir='ltr'>Jolt.</span> <span class='ocrx_word' id='word_1_169' title='bbox 630 1792 655 1856; x_wconf 87' lang='lat'>1,</span> <span class='ocrx_word' id='word_1_170' title='bbox 672 1790 693 1853; x_wconf 84' lang='lat'>7,</span> <span class='ocrx_word' id='word_1_171' title='bbox 711 1787 895 1843; x_wconf 75' lang='lat' dir='ltr'>conscientias</span> <span class='ocrx_word' id='word_1_172' title='bbox 905 1796 976 1857; x_wconf 69' lang='lat' dir='ltr'>purg!</span> 
     </span>
     <span class='ocr_line' id='line_1_22' title="bbox 106 1855 976 1937; baseline -0.006 -23"><span class='ocrx_word' id='word_1_173' title='bbox 106 1860 193 1914; x_wconf 84' lang='lat' dir='ltr'>Hebr.</span> <span class='ocrx_word' id='word_1_174' title='bbox 213 1862 299 1927; x_wconf 78' lang='lat'>9,14.</span> <span class='ocrx_word' id='word_1_175' title='bbox 339 1860 451 1912; x_wconf 78' lang='lat' dir='ltr'>Errant</span> <span class='ocrx_word' id='word_1_176' title='bbox 471 1864 495 1912; x_wconf 87' lang='grc'>4.</span> <span class='ocrx_word' id='word_1_177' title='bbox 515 1856 562 1927; x_wconf 91' lang='lat' dir='ltr'>qui</span> <span class='ocrx_word' id='word_1_178' title='bbox 585 1857 620 1911; x_wconf 86' lang='lat' dir='ltr'>de</span> <span class='ocrx_word' id='word_1_179' title='bbox 645 1855 783 1925; x_wconf 83' lang='lat' dir='ltr'>efficacia,</span> <span class='ocrx_word' id='word_1_180' title='bbox 807 1874 865 1937; x_wconf 87' lang='lat' dir='ltr'>qua</span> <span class='ocrx_word' id='word_1_181' title='bbox 882 1859 976 1912; x_wconf 71' lang='lat' dir='ltr'>orestes</span> 
     </span>
     <span class='ocr_line' id='line_1_23' title="bbox 107 1924 976 2000; baseline -0.008 -16"><span class='ocrx_word' id='word_1_182' title='bbox 107 1934 136 1985; x_wconf 91' lang='lat' dir='ltr'>et</span> <span class='ocrx_word' id='word_1_183' title='bbox 152 1927 260 2000; x_wconf 86' lang='lat' dir='ltr'>angelis</span> <span class='ocrx_word' id='word_1_184' title='bbox 277 1928 434 1996; x_wconf 82' lang='lat' dir='ltr'>antecellat,</span> <span class='ocrx_word' id='word_1_185' title='bbox 453 1927 502 1980; x_wconf 89' lang='lat' dir='ltr'>sed</span> <span class='ocrx_word' id='word_1_186' title='bbox 519 1932 613 1980; x_wconf 85' lang='lat' dir='ltr'>tamen</span> <span class='ocrx_word' id='word_1_187' title='bbox 629 1925 717 1994; x_wconf 87' lang='lat' dir='ltr'>finita,</span> <span class='ocrx_word' id='word_1_188' title='bbox 735 1925 884 1995; x_wconf 84' lang='lat' dir='ltr'>aecipmnt.</span> <span class='ocrx_word' id='word_1_189' title='bbox 910 1924 976 1979; x_wconf 69' lang='lat' dir='ltr'>Nm</span> 
     </span>
     <span class='ocr_line' id='line_1_24' title="bbox 105 1994 976 2079; baseline -0.011 -26"><span class='ocrx_word' id='word_1_190' title='bbox 105 2003 202 2055; x_wconf 79' lang='lat' dir='ltr'>essert.</span> <span class='ocrx_word' id='word_1_191' title='bbox 220 2015 248 2079; x_wconf 86' lang='lat' dir='ltr'>p.</span> <span class='ocrx_word' id='word_1_192' title='bbox 265 2003 307 2054; x_wconf 78' lang='lat'>70.</span> <span class='ocrx_word' id='word_1_193' title='bbox 334 1999 400 2051; x_wconf 85' lang='lat' dir='ltr'>Non</span> <span class='ocrx_word' id='word_1_194' title='bbox 419 1995 491 2050; x_wconf 91' lang='lat' dir='ltr'>enim</span> <span class='ocrx_word' id='word_1_195' title='bbox 509 2002 549 2049; x_wconf 86' lang='lat' dir='ltr'>est</span> <span class='ocrx_word' id='word_1_196' title='bbox 566 1995 718 2048; x_wconf 81' lang='lat' dir='ltr'>communis</span> <span class='ocrx_word' id='word_1_197' title='bbox 734 1994 855 2048; x_wconf 74' lang='lat' dir='ltr'>hominis</span> <span class='ocrx_word' id='word_1_198' title='bbox 873 2010 945 2061; x_wconf 79' lang='lat' dir='ltr'>earo,</span> <span class='ocrx_word' id='word_1_199' title='bbox 957 2004 976 2043; x_wconf 82' lang='lat' dir='ltr'>st</span> 
     </span>
     <span class='ocr_line' id='line_1_25' title="bbox 105 2061 976 2189; baseline -0.006 -69"><span class='ocrx_word' id='word_1_200' title='bbox 105 2068 163 2189; x_wconf 45' lang='lat' dir='ltr'>riyiri</span> <span class='ocrx_word' id='word_1_201' title='bbox 179 2067 292 2186; x_wconf 50' lang='lat' dir='ltr'>isidem</span> <span class='ocrx_word' id='word_1_202' title='bbox 310 2065 502 2187; x_wconf 53' lang='lat' dir='ltr'>⁸t¹n⁶⁸¹⁶ss⁶⁰⁸is</span> <span class='ocrx_word' id='word_1_203' title='bbox 516 2065 572 2185; x_wconf 58' lang='lat' dir='ltr'>tsed</span> <span class='ocrx_word' id='word_1_204' title='bbox 593 2080 655 2185; x_wconf 57' lang='grc' dir='ltr'>υεὲο</span> <span class='ocrx_word' id='word_1_205' title='bbox 674 2056 976 2187; x_wconf 48' lang='lat' dir='ltr'>ssvfiffimffletffl</span> 
     </span>
     <span class='ocr_line' id='line_1_26' title="bbox 138 2150 819 2190; baseline -0.001 -3"><span class='ocrx_word' id='word_1_206' title='bbox 138 2152 174 2187; x_wconf 87' lang='lat' dir='ltr'>er</span> <span class='ocrx_word' id='word_1_207' title='bbox 203 2153 214 2187; x_wconf 80' lang='lat' dir='ltr'>r</span> <span class='ocrx_word' id='word_1_208' title='bbox 250 2152 360 2189; x_wconf 82' lang='lat' dir='ltr'>rorso.</span> <span class='ocrx_word' id='word_1_209' title='bbox 420 2150 650 2190; x_wconf 78' lang='lat' dir='ltr'>xers.soo.</span> <span class='ocrx_word' id='word_1_210' title='bbox 723 2150 734 2184; x_wconf 79' lang='lat' dir='ltr'>s</span> <span class='ocrx_word' id='word_1_211' title='bbox 812 2173 819 2186; x_wconf 90' lang='lat'>.</span> 
     </span>
     <span class='ocr_line' id='line_1_27' title="bbox 105 2148 976 2273; baseline -0.002 -17"><span class='ocrx_word' id='word_1_212' title='bbox 105 2204 159 2257; x_wconf 88' lang='lat' dir='ltr'>vol.</span> <span class='ocrx_word' id='word_1_213' title='bbox 181 2209 203 2259; x_wconf 94' lang='lat'>1.</span> <span class='ocrx_word' id='word_1_214' title='bbox 227 2152 327 2256; x_wconf 48' lang='lat' dir='ltr'>ionii.</span> <span class='ocrx_word' id='word_1_215' title='bbox 354 2220 381 2273; x_wconf 93' lang='lat' dir='ltr'>p.</span> <span class='ocrx_word' id='word_1_216' title='bbox 400 2208 441 2258; x_wconf 79' lang='lat'>95.</span> <span class='ocrx_word' id='word_1_217' title='bbox 465 2148 728 2269; x_wconf 53' lang='lat' dir='ltr'>pNihilyobstatIe</span> <span class='ocrx_word' id='word_1_218' title='bbox 760 2200 787 2255; x_wconf 85' lang='lat' dir='ltr'>oi</span> <span class='ocrx_word' id='word_1_219' title='bbox 811 2199 877 2255; x_wconf 86' lang='lat' dir='ltr'>hino</span> <span class='ocrx_word' id='word_1_220' title='bbox 903 2208 976 2254; x_wconf 69' lang='lat' dir='ltr'>eom</span> 
     </span>
     <span class='ocr_line' id='line_1_28' title="bbox 106 2264 976 2339; baseline -0.006 -13"><span class='ocrx_word' id='word_1_221' title='bbox 106 2271 205 2326; x_wconf 87' lang='lat' dir='ltr'>Deum.</span> <span class='ocrx_word' id='word_1_222' title='bbox 244 2271 359 2326; x_wconf 79' lang='lat' dir='ltr'>Sadeel.</span> <span class='ocrx_word' id='word_1_223' title='bbox 378 2271 414 2325; x_wconf 93' lang='lat' dir='ltr'>de</span> <span class='ocrx_word' id='word_1_224' title='bbox 432 2289 486 2325; x_wconf 85' lang='lat' dir='ltr'>ver.</span> <span class='ocrx_word' id='word_1_225' title='bbox 503 2269 616 2325; x_wconf 88' lang='lat' dir='ltr'>human.</span> <span class='ocrx_word' id='word_1_226' title='bbox 634 2274 691 2324; x_wconf 87' lang='lat' dir='ltr'>net.</span> <span class='ocrx_word' id='word_1_227' title='bbox 709 2286 733 2323; x_wconf 86' lang='lat' dir='ltr'>c.</span> <span class='ocrx_word' id='word_1_228' title='bbox 755 2274 778 2323; x_wconf 79' lang='lat'>³.</span> <span class='ocrx_word' id='word_1_229' title='bbox 799 2286 828 2339; x_wconf 93' lang='lat' dir='ltr'>p.</span> <span class='ocrx_word' id='word_1_230' title='bbox 849 2275 905 2325; x_wconf 79' lang='lat'>145.</span> <span class='ocrx_word' id='word_1_231' title='bbox 942 2264 976 2321; x_wconf 71' lang='lat' dir='ltr'>Nc</span> 
     </span>
     <span class='ocr_line' id='line_1_29' title="bbox 107 2334 976 2408; baseline -0.003 -14"><span class='ocrx_word' id='word_1_232' title='bbox 107 2341 180 2394; x_wconf 86' lang='lat' dir='ltr'>enim</span> <span class='ocrx_word' id='word_1_233' title='bbox 199 2341 311 2408; x_wconf 77' lang='lat' dir='ltr'>vivifico</span> <span class='ocrx_word' id='word_1_234' title='bbox 331 2348 371 2393; x_wconf 83' lang='lat' dir='ltr'>est</span> <span class='ocrx_word' id='word_1_235' title='bbox 389 2341 419 2393; x_wconf 83' lang='lat' dir='ltr'>irs</span> <span class='ocrx_word' id='word_1_236' title='bbox 436 2357 465 2392; x_wconf 84' lang='lat' dir='ltr'>se</span> <span class='ocrx_word' id='word_1_237' title='bbox 487 2347 512 2392; x_wconf 89' lang='lat' dir='ltr'>et</span> <span class='ocrx_word' id='word_1_238' title='bbox 530 2355 585 2408; x_wconf 82' lang='lat' dir='ltr'>per</span> <span class='ocrx_word' id='word_1_239' title='bbox 603 2356 641 2407; x_wconf 84' lang='lat' dir='ltr'>se,</span> <span class='ocrx_word' id='word_1_240' title='bbox 653 2338 734 2405; x_wconf 75' lang='lat' dir='ltr'>sarit</span> <span class='ocrx_word' id='word_1_241' title='bbox 752 2346 846 2391; x_wconf 78' lang='lat' dir='ltr'>tameo</span> <span class='ocrx_word' id='word_1_242' title='bbox 863 2339 913 2392; x_wconf 77' lang='lat' dir='ltr'>hoe</span> <span class='ocrx_word' id='word_1_243' title='bbox 933 2334 976 2401; x_wconf 66' lang='lat' dir='ltr'>(vlt</span> 
     </span>
     <span class='ocr_line' id='line_1_30' title="bbox 106 2400 976 2478; baseline -0.002 -14"><span class='ocrx_word' id='word_1_244' title='bbox 106 2409 191 2478; x_wconf 79' lang='lat' dir='ltr'>ficet),</span> <span class='ocrx_word' id='word_1_245' title='bbox 250 2409 281 2461; x_wconf 83' lang='lat' dir='ltr'>ia</span> <span class='ocrx_word' id='word_1_246' title='bbox 298 2416 385 2462; x_wconf 85' lang='lat' dir='ltr'>totam</span> <span class='ocrx_word' id='word_1_247' title='bbox 402 2409 481 2462; x_wconf 82' lang='lat' dir='ltr'>verbi</span> <span class='ocrx_word' id='word_1_248' title='bbox 496 2408 687 2476; x_wconf 79' lang='lat' dir='ltr'>operationem</span> <span class='ocrx_word' id='word_1_249' title='bbox 704 2408 841 2477; x_wconf 78' lang='lat' dir='ltr'>suscepit,</span> <span class='ocrx_word' id='word_1_250' title='bbox 860 2400 976 2476; x_wconf 58' lang='lat' dir='ltr'>opsiti</span> 
     </span>
     <span class='ocr_line' id='line_1_31' title="bbox 106 2475 638 2541; baseline -0.006 -10"><span class='ocrx_word' id='word_1_251' title='bbox 106 2478 124 2534; x_wconf 94' lang='lat' dir='ltr'>l.</span> <span class='ocrx_word' id='word_1_252' title='bbox 142 2485 166 2534; x_wconf 84' lang='grc'><strong>1.</strong></span> <span class='ocrx_word' id='word_1_253' title='bbox 183 2479 220 2533; x_wconf 85' lang='lat' dir='ltr'>Jo</span> <span class='ocrx_word' id='word_1_254' title='bbox 242 2520 247 2531; x_wconf 94' lang='lat'>.</span> <span class='ocrx_word' id='word_1_255' title='bbox 266 2495 290 2534; x_wconf 84' lang='lat' dir='ltr'>c.</span> <span class='ocrx_word' id='word_1_256' title='bbox 308 2482 349 2532; x_wconf 76' lang='lat'>23.</span> <span class='ocrx_word' id='word_1_257' title='bbox 369 2484 389 2531; x_wconf 93' lang='lat' dir='ltr'>t.</span> <span class='ocrx_word' id='word_1_258' title='bbox 411 2483 433 2533; x_wconf 89' lang='lat'>1.</span> <span class='ocrx_word' id='word_1_259' title='bbox 451 2477 501 2532; x_wconf 83' lang='lat' dir='ltr'>eol.</span> <span class='ocrx_word' id='word_1_260' title='bbox 522 2475 638 2541; x_wconf 74' lang='grc'><strong>201111.)</strong></span> 
     </span>
    </p>
   </div>
   <div class='ocr_carea' id='block_1_4' title="bbox 106 2576 976 2752">
    <p class='ocr_par' dir='ltr' id='par_1_4' title="bbox 106 2576 976 2752">
     <span class='ocr_line' id='line_1_32' title="bbox 106 2576 976 2667; baseline -0.005 -20"><span class='ocrx_word' id='word_1_261' title='bbox 106 2582 157 2648; x_wconf 82' lang='grc'>27.</span> <span class='ocrx_word' id='word_1_262' title='bbox 199 2582 307 2646; x_wconf 85' lang='lat' dir='ltr'>Proba</span> <span class='ocrx_word' id='word_1_263' title='bbox 330 2593 529 2667; x_wconf 82' lang='lat' dir='ltr'>protestatem</span> <span class='ocrx_word' id='word_1_264' title='bbox 556 2581 731 2645; x_wconf 80' lang='lat' dir='ltr'>remittendi</span> <span class='ocrx_word' id='word_1_265' title='bbox 752 2593 883 2664; x_wconf 77' lang='lat' dir='ltr'>peceato</span> <span class='ocrx_word' id='word_1_266' title='bbox 910 2576 976 2661; x_wconf 69' lang='lat' dir='ltr'>stit</span> 
     </span>
     <span class='ocr_line' id='line_1_33' title="bbox 284 2665 947 2752; baseline -0.006 -21"><span class='ocrx_word' id='word_1_267' title='bbox 284 2669 357 2731; x_wconf 72' lang='lat' dir='ltr'>dicii</span> <span class='ocrx_word' id='word_1_268' title='bbox 371 2669 512 2752; x_wconf 76' lang='lat' dir='ltr'>faciendi</span> <span class='ocrx_word' id='word_1_269' title='bbox 538 2665 658 2731; x_wconf 79' lang='lat' dir='ltr'>Christo</span> <span class='ocrx_word' id='word_1_270' title='bbox 681 2667 839 2733; x_wconf 81' lang='lat' dir='ltr'>donatam.</span> <span class='ocrx_word' id='word_1_271' title='bbox 944 2710 947 2717; x_wconf 89' lang='lat'>-</span> 
     </span>
    </p>
   </div>
   <div class='ocr_carea' id='block_1_5' title="bbox 102 2764 976 3362">
    <p class='ocr_par' dir='ltr' id='par_1_5' title="bbox 102 2764 976 3362">
     <span class='ocr_line' id='line_1_34' title="bbox 190 2764 976 2853; baseline 0 -22"><span class='ocrx_word' id='word_1_272' title='bbox 190 2766 304 2834; x_wconf 79' lang='lat' dir='ltr'>Mettis.</span> <span class='ocrx_word' id='word_1_273' title='bbox 327 2767 357 2845; x_wconf 89' lang='lat'>9,</span> <span class='ocrx_word' id='word_1_274' title='bbox 383 2769 412 2835; x_wconf 90' lang='lat'>6.</span> <span class='ocrx_word' id='word_1_275' title='bbox 454 2767 558 2831; x_wconf 85' lang='lat' dir='ltr'>Filius</span> <span class='ocrx_word' id='word_1_276' title='bbox 587 2764 724 2829; x_wconf 88' lang='lat' dir='ltr'>hominis</span> <span class='ocrx_word' id='word_1_277' title='bbox 754 2765 852 2831; x_wconf 82' lang='lat' dir='ltr'>hebet</span> <span class='ocrx_word' id='word_1_278' title='bbox 876 2768 976 2853; x_wconf 78' lang='lat' dir='ltr'>potest</span> 
     </span>
     <span class='ocr_line' id='line_1_35' title="bbox 104 2842 976 3002; baseline -0.005 -87"><span class='ocrx_word' id='word_1_279' title='bbox 104 2862 169 3001; x_wconf 52' lang='lat' dir='ltr'><strong>ff</strong></span> <span class='ocrx_word' id='word_1_280' title='bbox 197 2854 371 3002; x_wconf 48' lang='lat' dir='ltr'>rbemg&#39;ffendi</span> <span class='ocrx_word' id='word_1_281' title='bbox 395 2865 524 2937; x_wconf 82' lang='lat' dir='ltr'>peceato</span> <span class='ocrx_word' id='word_1_282' title='bbox 556 2851 590 2914; x_wconf 88' lang='lat' dir='ltr'>in</span> <span class='ocrx_word' id='word_1_283' title='bbox 625 2860 726 2928; x_wconf 87' lang='lat' dir='ltr'>terra,</span> <span class='ocrx_word' id='word_1_284' title='bbox 757 2852 862 2917; x_wconf 85' lang='lat' dir='ltr'>More.</span> <span class='ocrx_word' id='word_1_285' title='bbox 889 2852 925 2929; x_wconf 81' lang='lat'>2,</span> <span class='ocrx_word' id='word_1_286' title='bbox 948 2842 976 2913; x_wconf 77' lang='lat' dir='ltr'>ll</span> 
     </span>
     <span class='ocr_line' id='line_1_36' title="bbox 158 2962 307 3013; baseline 0.007 -11"><span class='ocrx_word' id='word_1_287' title='bbox 158 2962 182 3003; x_wconf 84' lang='lat' dir='ltr'>e.</span> <span class='ocrx_word' id='word_1_288' title='bbox 226 2984 235 3013; x_wconf 91' lang='lat'><strong>,</strong></span> <span class='ocrx_word' id='word_1_289' title='bbox 299 2988 307 3003; x_wconf 93' lang='lat'>.</span> 
     </span>
     <span class='ocr_line' id='line_1_37' title="bbox 188 3016 976 3106; baseline 0 -19"><span class='ocrx_word' id='word_1_290' title='bbox 188 3022 262 3088; x_wconf 80' lang='lat' dir='ltr'>Jol.</span> <span class='ocrx_word' id='word_1_291' title='bbox 285 3021 316 3099; x_wconf 82' lang='lat'>5,</span> <span class='ocrx_word' id='word_1_292' title='bbox 337 3021 387 3085; x_wconf 80' lang='lat'>27.</span> <span class='ocrx_word' id='word_1_293' title='bbox 419 3020 517 3084; x_wconf 84' lang='lat' dir='ltr'>Pater</span> <span class='ocrx_word' id='word_1_294' title='bbox 539 3019 627 3084; x_wconf 86' lang='lat' dir='ltr'>dedit</span> <span class='ocrx_word' id='word_1_295' title='bbox 647 3029 837 3106; x_wconf 87' lang='lat' dir='ltr'>potestatem</span> <span class='ocrx_word' id='word_1_296' title='bbox 859 3020 940 3089; x_wconf 86' lang='lat' dir='ltr'>Filio</span> <span class='ocrx_word' id='word_1_297' title='bbox 950 3016 976 3105; x_wconf 75' lang='lat' dir='ltr'>j·</span> 
     </span>
     <span class='ocr_line' id='line_1_38' title="bbox 106 3105 837 3190; baseline 0.005 -22"><span class='ocrx_word' id='word_1_298' title='bbox 106 3107 219 3170; x_wconf 79' lang='lat' dir='ltr'>dicium</span> <span class='ocrx_word' id='word_1_299' title='bbox 239 3107 390 3190; x_wconf 81' lang='lat' dir='ltr'>faciendi,</span> <span class='ocrx_word' id='word_1_300' title='bbox 411 3105 487 3190; x_wconf 83' lang='lat' dir='ltr'>quie</span> <span class='ocrx_word' id='word_1_301' title='bbox 508 3105 592 3170; x_wconf 86' lang='lat' dir='ltr'>filius</span> <span class='ocrx_word' id='word_1_302' title='bbox 617 3105 754 3170; x_wconf 87' lang='lat' dir='ltr'>hominis</span> <span class='ocrx_word' id='word_1_303' title='bbox 780 3117 837 3173; x_wconf 81' lang='lat' dir='ltr'>est.</span> 
     </span>
     <span class='ocr_line' id='line_1_39' title="bbox 188 3189 976 3275; baseline -0.004 -21"><span class='ocrx_word' id='word_1_304' title='bbox 188 3190 294 3256; x_wconf 81' lang='lat' dir='ltr'>Actor.</span> <span class='ocrx_word' id='word_1_305' title='bbox 318 3191 368 3266; x_wconf 79' lang='lat'>17,</span> <span class='ocrx_word' id='word_1_306' title='bbox 389 3191 440 3255; x_wconf 90' lang='grc'>31.</span> <span class='ocrx_word' id='word_1_307' title='bbox 493 3190 584 3254; x_wconf 87' lang='lat' dir='ltr'>Deus</span> <span class='ocrx_word' id='word_1_308' title='bbox 616 3190 725 3254; x_wconf 78' lang='lat' dir='ltr'>statuit</span> <span class='ocrx_word' id='word_1_309' title='bbox 746 3189 850 3269; x_wconf 85' lang='lat' dir='ltr'>diem,</span> <span class='ocrx_word' id='word_1_310' title='bbox 881 3191 915 3257; x_wconf 82' lang='lat' dir='ltr'>in</span> <span class='ocrx_word' id='word_1_311' title='bbox 942 3204 976 3275; x_wconf 82' lang='lat' dir='ltr'>qu</span> 
     </span>
     <span class='ocr_line' id='line_1_40' title="bbox 102 3273 976 3362; baseline 0.006 -24"><span class='ocrx_word' id='word_1_312' title='bbox 102 3273 298 3359; x_wconf 81' lang='lat' dir='ltr'>judicaturus</span> <span class='ocrx_word' id='word_1_313' title='bbox 320 3286 368 3339; x_wconf 91' lang='lat' dir='ltr'>est</span> <span class='ocrx_word' id='word_1_314' title='bbox 386 3277 498 3340; x_wconf 89' lang='lat' dir='ltr'>orbem</span> <span class='ocrx_word' id='word_1_315' title='bbox 519 3275 552 3339; x_wconf 90' lang='lat' dir='ltr'>in</span> <span class='ocrx_word' id='word_1_316' title='bbox 569 3275 704 3360; x_wconf 84' lang='lat' dir='ltr'>justitia,</span> <span class='ocrx_word' id='word_1_317' title='bbox 729 3279 925 3362; x_wconf 73' lang='lat' dir='ltr'>pervirens,</span> <span class='ocrx_word' id='word_1_318' title='bbox 948 3288 976 3361; x_wconf 74' lang='lat' dir='ltr'>pt</span> 
     </span>
    </p>
   </div>
   <div class='ocr_carea' id='block_1_6' title="bbox 0 0 1130 3772">
    <p class='ocr_par' dir='ltr' id='par_1_6' title="bbox 0 0 1130 3772">
     <span class='ocr_line' id='line_1_41' title="bbox 0 0 1130 3772; baseline 0 0"><span class='ocrx_word' id='word_1_319' title='bbox 0 0 1130 3772; x_wconf 95' lang='lat' dir='ltr'> </span> 
     </span>
    </p>
   </div>
  </div>
 </body>
</html>
