2250 3772
106 242 170 309 246
246 242 354 329 Caput
375 243 417 307 Π.
460 243 512 307 De
534 243 682 328 symbolo
704 222 890 329 apostolico.

136 447 141 455 ›
195 414 283 496 Quia
305 412 443 496 denique
461 414 492 478 6.
507 412 576 476 sine
598 434 636 476 eo
657 423 811 496 tanquam
831 410 939 478 salutis
955 432 985 479 ai

108 510 176 562 tore
197 499 286 563 nulla
306 509 412 586 potest
435 519 505 562 esee
524 497 620 582 salus,
642 504 712 565 Act.
733 498 765 583 4,
790 499 830 563 12
850 508 882 563 et
903 500 985 577 lae

107 593 165 650 ete.
207 584 292 661 Quae
312 597 340 648 ct
358 584 432 659 alia,
454 583 612 646 Christum
626 605 705 658 vere,
720 585 863 669 proprie,
887 588 985 670 odroqt

107 681 222 732 reaturo
243 671 348 734 Deera
368 691 431 733 ease
450 669 623 732 indubitato
645 668 865 733 demonstrant.

178 800 271 867 (Ratio
295 807 316 856 1.
338 799 374 855 ab
393 800 525 870 adjuncto
542 798 667 867 nomin03
690 806 733 856 eat
755 801 831 856 enim
858 799 985 857 nomenJ

107 870 200 923 tonat
217 887 317 925 nomen
335 869 389 924 Dei
407 869 570 937 essentiale,
595 869 669 941 quod
695 870 766 924 nulli
785 874 929 926 creaturae
944 885 985 925 cot

106 938 187 1062 petit,
205 941 276 992 an.
294 942 339 1018 42,
357 943 372 991 8
391 946 417 991 ot
433 941 475 1006 44,
495 941 519 993 6.
555 940 616 992 Noc
633 940 724 992 obstat
743 945 764 995 1.
782 940 859 1009 quod
877 946 906 995 et
920 956 985 995 nomi

129 1006 236 1061 ehovah
252 1007 384 1062 tribuitur
399 1006 446 1061 Mo
466 1006 502 1075 si,
527 1009 622 1063 Esod.
641 1011 666 1076 4,
684 1011 734 1076 16,
760 1013 789 1063 et
806 1008 889 1063 altari
905 1008 985 1133 My!

108 1077 201 1130 Enoct
220 1079 324 1142 17,15,
344 1081 372 1131 et
390 1074 433 1130 Ge
454 1075 546 1143 conis,
567 1078 638 1130 Jnct.
659 1079 684 1136 6,
703 1079 753 1137 24,
771 1083 800 1132 et
817 1076 923 1132 civitati
957 1092 985 1131 er

108 1144 196 1198 salem
213 1146 313 1199 Erech.
333 1149 374 1206 ta,
390 1148 437 1200 35.
471 1145 569 1199 Galat.
587 1143 605 1198 l.
619 1151 643 1201 3.
663 1144 698 1199 de
717 1162 811 1200 arcam
828 1144 985 1201 catholice

107 1212 182 1268 ritat.
203 1231 227 1269 c.
247 1219 271 1271 9.
290 1231 317 1284 p.
338 1219 386 1268 129
408 1230 465 1284 seq.
477 1212 510 1266 E.
551 1215 676 1267 chinns
695 1214 769 1284 apud
787 1216 894 1271 Zanct.
911 1214 985 1269 ize

107 1282 172 1338 trib,
191 1281 301 1336 Elohim
319 1288 341 1339 t.
357 1289 378 1336 1.
398 1299 421 1336 ο,
437 1288 461 1338 2.
481 1281 533 1336 col.
547 1288 606 1337 401.
642 1282 694 1336 Est
712 1283 785 1337 enim
808 1289 830 1338 1.
848 1283 939 1339 fallac.
954 1298 985 1337 w

107 1368 164 1421 seq.
185 1357 214 1405 et
230 1351 388 1422 imparium,
407 1350 474 1420 quia
490 1351 581 1421 Moysi
599 1368 655 1404 non
672 1350 805 1406 tribuitur
819 1369 922 1407 nomen
935 1356 985 1407 teir

105 1426 281 1490 grammaton
298 1419 433 1487 Jehovah,
453 1436 508 1490 quo
524 1420 599 1474 solus
609 1421 685 1474 Deus
703 1438 736 1474 ac
750 1420 868 1475 Messias
886 1421 985 1475 dunin

104 1489 196 1542 vocati
213 1493 285 1553 sunt,
303 1490 352 1543 sed
370 1488 468 1543 saltem
479 1487 598 1553 Elohim,
617 1489 692 1559 quod
710 1495 739 1543 et
758 1488 868 1561 angelis
885 1496 913 1545 et
928 1486 985 1545 idoli

107 1557 693 1696 guiffliblueseibiridliiiirbullialyibibbitbr
716 1558 886 1697 ‹quibeipii‘i'
897 1561 952 1681 zion
963 1556 985 1681 ii

106 1694 198 1749 solute
216 1702 244 1750 et
261 1695 378 1761 directe,
398 1695 446 1749 sed
464 1695 618 1748 secundum
635 1694 716 1765 quid,
735 1701 874 1766 quatenns
892 1694 985 1749 nimim

106 1762 153 1818 vel
170 1764 329 1819 memoriale
350 1768 409 1817 erat
420 1762 549 1818 beneficii
562 1781 579 1816 a
594 1763 656 1817 Deo
667 1764 804 1833 praestiti,
820 1764 866 1820 vel
880 1771 985 1835 notagr

106 1832 195 1887 tiosae
212 1832 386 1905 praesentiae
403 1831 537 1887 Johovae.
567 1832 636 1886 Ideo
652 1832 728 1902 apud
739 1832 880 1899 Ezechiel,
895 1828 985 1889 nona,¹

106 1902 196 1956 solute
214 1903 317 1957 dicitur
334 1900 475 1968 Jehovah,
501 1899 580 1971 quasi
599 1901 661 1970 ipsa
679 1901 777 1956 civitas
794 1901 874 1956 Deus
893 1902 942 1965 sit,
965 1914 985 1955 st

105 1977 239 2049 adjicitur
255 1979 419 2034 adverbium
441 1978 530 2033 locale
549 1988 627 2051 matt
650 1976 703 2047 ibi3
732 1994 787 2031 non
804 1982 899 2050 tango,
917 1994 985 2033 serm

105 2072 171 2109 nem
188 2055 228 2109 ibi
246 2074 303 2110 non
315 2074 374 2111 esse
388 2057 423 2109 de
433 2063 551 2119 terrena,
570 2055 619 2109 sed
633 2071 762 2123 suprema
773 2053 937 2119 Jerusalem,
956 2052 985 2109 (ἦ

106 2124 187 2176 latin.
209 2124 234 2179 d.
253 2125 305 2179 loc.
338 2127 399 2179 Nec
426 2126 516 2178 obstat
540 2129 565 2178 2.
607 2123 662 2176 uod
681 2129 709 2177 et
727 2141 772 2177 ma
795 2123 907 2178 'stratus
924 2136 985 2193 appe

105 2191 200 2246 lantur
216 2192 271 2262 dii,
290 2195 337 2246 Pa.
356 2197 399 2259 82,
418 2197 443 2247 6.
478 2142 620 2246 Ζαπσὴ.Ἧ.
640 2197 664 2248 3.
690 2192 725 2246 de
742 2192 778 2246 tri
800 2234 805 2246 .
825 2192 935 2248 Elohim
948 2208 970 2247 c.

105 2261 158 2313 col.
174 2266 233 2315 430.
270 2262 317 2315 Fit
336 2261 410 2315 enim
428 2278 480 2315 nec
496 2261 549 2315 boc
569 2260 694 2315 absolute
714 2267 742 2315 et
759 2261 879 2331 proprie,
897 2262 945 2317 sed
957 2274 985 2313 m

106 2328 258 2398 taphorice,
276 2335 412 2399 quatenus
431 2331 523 2383 divino
542 2328 635 2384 officio
651 2329 815 2400 funguntur,
833 2337 862 2385 et
873 2331 927 2386 Dei
942 2326 985 2383 via

105 2397 233 2450 interris
253 2405 362 2469 gerunt,
397 2401 457 2452 Ncc
476 2401 566 2452 obstat
583 2404 607 2453 3.
627 2399 702 2469 quod
722 2398 797 2452 solus
814 2399 901 2455 Pater
918 2397 985 2453 dein

106 2482 189 2519 verus
212 2466 305 2536 Deus,
333 2468 398 2521 Joa
417 2471 465 2535 17,
482 2471 508 2522 3.
546 2470 628 2521 Idem
646 2466 712 2520 ibid.
732 2467 783 2522 col.
804 2473 854 2523 483
874 2484 930 2539 seq.
961 2464 985 2519 b

106 2535 180 2588 enim
197 2534 288 2590 sallao.
312 2536 468 2602 divisionis,
497 2535 563 2605 quia
580 2536 740 2605 subjicitur:
764 2541 793 2590 et
811 2554 893 2607 quem
910 2534 985 2589 minist

106 2603 205 2658 Jesum
226 2604 375 2661 Christum.
411 2611 434 2660 2.
458 2604 510 2658 Est
536 2604 630 2661 sallao.
648 2604 852 2674 oppositorum3
880 2598 985 2676 partica]

105 2673 180 2726 enim
200 2674 274 2728 solus
299 2691 354 2728 non
373 2673 528 2728 excluditur
547 2673 636 2726 Filius
654 2680 682 2726 et
701 2672 820 2743 Spiritus
839 2692 871 2740 a,
891 2672 939 2727 sed
953 2678 985 2725 tu

109 2746 169 2795 tum
181 2741 258 2797 idola
269 2749 298 2797 et
310 2747 460 2797 creaturae.
487 2741 525 2795 II.
538 2740 620 2795 Ratio
630 2741 666 2796 ab
678 2742 812 2812 adjuncta
823 2740 984 2863 appellatiou

105 2816 135 2864 et
152 2812 247 2866 relato.
286 2813 348 2865 Nec
366 2813 457 2864 obstat
478 2816 500 2865 1.
520 2810 596 2880 quod
621 2814 649 2864 ct
667 2811 775 2881 angeli,
800 2813 840 2864 Jo
860 2849 867 2864 .
886 2814 928 2880 38,
946 2814 985 2875 1,ι

105 2881 209 2946 sancti,
225 2882 307 2960 Bona
320 2883 344 2961 ᾇ,
362 2883 412 3001 12
422 2880 551 2959 dicuntur
567 2878 632 2959 Filii
651 2879 713 2933 Dei.
749 2880 801 2933 Est
822 2880 896 2934 enim
912 2870 985 2957 olenti

103 2955 259 3084 tetii
273 2948 985 3095 tttntttgttttttt0it¹tritt

103 3100 155 3153 per
171 3094 308 3144 naturam.
340 3086 398 3138 Hic
416 3084 489 3140 enim
513 3093 540 3137 et
561 3102 643 3138 verna
662 3095 687 3139 ct
701 3086 839 3155 proprias
856 3095 898 3140 cat
913 3082 985 3139 Ibin

103 3153 222 3221 criptae,
242 3174 297 3209 non
315 3154 482 3222 cactopte'onc,¹
500 3154 633 3216 veritato,
650 3173 706 3208 non
723 3156 944 3225 nuncupatione,
958 3163 985 3203 at

104 3220 224 3287 tioitate,
241 3242 298 3277 non
315 3224 465 3291 creatione,
483 3223 582 3280 Hilar.
598 3223 616 3276 l.
636 3224 659 3275 3.
680 3223 715 3278 de
738 3223 816 3280 Trin.
835 3240 863 3294 p.
883 3229 924 3281 26.
949 3218 985 3273 Nt

104 3290 195 3345 obstat
213 3297 238 3348 2.
256 3292 331 3363 quod
353 3292 482 3362 nuspiam
505 3292 535 3344 in
554 3291 698 3361 Scriptura
716 3291 848 3357 habetur,
874 3289 985 3347 cunam
